3072 4834
1422 306 1503 376 17

354 497 573 564 neque
630 474 715 545 de
761 494 842 541 ea
870 468 1066 542 ‘trans
1088 470 1395 539 ‘Taurum
1437 472 1657 557 neque
1700 470 1786 538 de
1828 471 2051 536 intima
2095 466 2557 558 Cappadociae

354 598 546 680 parte
571 590 642 676 ¹),
711 610 981 676 quarum
1045 592 1279 653 neutra
1341 606 1627 673 unquam
1689 586 1757 653 in
1816 583 2186 652 Attalorum
2227 581 2562 673 potestate

357 707 500 788 fuit,
547 705 820 790 cogitari
859 701 1075 769 liceat.
1165 700 1313 768 Sed
1351 699 1570 767 lucem
1610 702 1708 767 rei
1749 699 1938 766 affert
1965 699 2236 784 Strabo,
2284 704 2396 789 qui
2440 702 2558 768 do·

360 822 693 887 nationem
735 817 909 883 illam
952 818 1318 902 respiciens
1363 814 1630 882 Ciliciae
1674 816 2003 900 regionem
2044 815 2197 881 inde
2242 837 2282 881 a
2325 815 2559 883 Casta-

228 966 259 997 ο
361 934 530 1001 halis
577 939 646 1000 et
689 930 1015 1018 Cybistris
1058 953 1270 1019 usque
1314 931 1400 997 ad
1425 929 1697 996 Der-ben
1738 934 2074 1016 patentem
2102 928 2564 1016 Cappadociae

363 1049 630 1135 regibus
687 1053 841 1114 ante
884 1045 1284 1113 Archelaum
1339 1067 1379 1111 a
1421 1046 1738 1112 Romanis
1794 1065 1948 1112 esse
1990 1043 2292 1110 traditam
2336 1045 2494 1112 dicit
2510 1048 2563 1131 ²)

366 1184 642 1250 eamque
686 1160 813 1228 alio
855 1158 1004 1226 loco
1047 1161 1179 1245 ipsi
1195 1161 1585 1247 ⁴Lycaoniae
1626 1158 2004 1225 adnumerat
2020 1165 2097 1243 ³),
2145 1158 2316 1225 unde
2345 1159 2562 1246 Lyca·-

365 1281 582 1346 oniam
635 1273 1121 1343 meridionalem
1170 1274 1495 1341 interdum
1552 1275 1746 1340 etiam
1789 1271 2053 1341 Ciliciae
2106 1275 2366 1340 nomine
2410 1295 2566 1340 esse

368 1390 940 1477 comprehensam,
997 1411 1080 1455 ac
1121 1389 1370 1455 Justini
1412 1387 1779 1456 Ciliciam
1828 1394 2081 1475 partem
2132 1394 2383 1455 tantum
2426 1389 2564 1474 Ly-

374 1507 645 1574 caoniae
686 1504 1057 1591 significare
1102 1502 1480 1588 colligimus.
1520 1540 1606 1553 -
1652 1500 1841 1570 Caria
1867 1508 2140 1589 ‘praeter
2168 1502 2564 1570 Rhodiorum

372 1624 706 1702 Peraeam,
753 1641 922 1706 quae
966 1618 1118 1685 inde
1161 1641 1201 1684 a
1228 1616 1547 1684 Daedalis
1572 1639 1790 1705 usque
1831 1618 1911 1683 ad
1943 1617 2341 1684 Phoenicem
2380 1639 2564 1684 mon-

373 1745 508 1803 tem
563 1735 991 1825 ejusdemque
1046 1734 1325 1799 nominis
1370 1731 1710 1800 castellum
1763 1732 2039 1819 patebat
2055 1732 2131 1818 ⁴),
2197 1734 2572 1819 provinciae

377 1852 665 1916 accessit
717 1871 797 1915 ac
852 1850 1084 1934 paucis
1127 1854 1378 1915 tantum
1421 1847 1506 1914 de
1551 1846 1789 1936 quihus
1827 1850 2094 1936 proprio
2150 1850 2368 1935 capite
2409 1869 2561 1934 age·

376 1983 523 2027 mus
588 1962 960 2029 civitatibus
1020 1964 1342 2049 *pristinae
1402 1961 1726 2031 libertatis
1792 1965 2057 2051 species
2122 1968 2414 2048 servata,
2478 1965 2570 2029 ita

380 2075 642 2163 quidem
683 2084 758 2144 ut
797 2079 1139 2164 provincia·
1173 2076 1673 2147 includerentur.

552 2193 719 2258 Asia
760 2194 955 2278 igitur
999 2191 1210 2280 qualis
1254 2213 1295 2258 a
1336 2192 1447 2260 Μ’.
1492 2190 1782 2280 Aquinio
1825 2193 2122 2259 instituta
2165 2198 2304 2275 est,
2359 2174 2574 2279 Phi-y·-

376 2308 549 2392 giam
589 2309 901 2373 minorem
943 2307 1031 2373 ad
1058 2305 1558 2392 Hellespontum
1603 2329 1751 2373 cum
1794 2306 2247 2397 adjacentibus
2275 2308 2571 2393 Propon-

380 2421 539 2484 tidis
581 2421 837 2503 insulis,
883 2421 1184 2508 Mysiam,
1216 2421 1583 2506 Aeolidem,
1614 2423 1914 2509 Lydiam,
1944 2423 1994 2489 J
1996 2425 2228 2507 oniam,
2259 2423 2580 2493 Doridem

379 2537 642 2617 praeter
682 2533 1008 2619 Rhodum,
1054 2536 1310 2604 Cariam
1355 2543 1638 2624 excepta
1679 2539 1951 2620 Peraea,
1996 2537 2379 2624 Milyadem,
2425 2537 2573 2604 reli-

384 2667 580 2732 quam
632 2649 942 2714 Pisidiam
1008 2653 1584 2739 complectebatur.
1671 2644 2044 2719 Mithridate
2098 2652 2177 2720 V.
2242 2649 2578 2738 Euergeta

385 2760 564 2846 quod
608 2763 781 2828 circa
824 2784 883 2830 a.
931 2763 1060 2830 634
1100 2789 1162 2833 u.
1209 2789 1269 2836 c.
1315 2770 1536 2835 evenit
1551 2774 1605 2847 ⁸)
1621 2815 1642 2852 ,
1697 2773 1983 2850 mortuo,
2042 2765 2324 2853 Phrygia
2370 2773 2581 2857 major

384 2874 742 2941 Mithridati
797 2876 1120 2964 Eupatori
1172 2881 1419 2969 pupillo
1476 2889 1624 2974 ejus
1689 2881 1819 2949 filio
1887 2903 1929 2947 a
1981 2882 2295 2948 Romanis
2351 2887 2579 2967 erepta

383 2988 775 3076 aliquamdiu
828 2995 1108 3080 propriis
1161 2994 1417 3083 legibus
1472 3004 1673 3086 atque
1727 2998 2127 3065 immunitate
2178 2994 2481 3064 utebatur
2499 2995 2576 3078 ⁶),

533 3238 574 3305 ¹)
610 3237 792 3295 Strab.
831 3238 952 3306 ΧΙΙ,
990 3259 1039 3313 p.
1081 3242 1186 3298 5:34
1222 3249 1353 3300 extr.
1391 3262 1445 3316 p.
1482 3246 1590 3302 537
1624 3253 1758 3303 extr.
1796 3246 2022 3302 Ptolem.
2060 3245 2129 3313 V,
2162 3245 2214 3302 6.

530 3332 574 3401 ¹)
609 3336 731 3402 ΧΙΙ,
769 3355 820 3411 p.
860 3339 966 3394 535
1002 3341 1072 3393 in.
1112 3338 1180 3395 cf.
1218 3338 1480 3398 Mannert.
1519 3341 1584 3401 Τ.
1623 3344 1709 3401 Vl.
1759 3342 1822 3402 P.
1874 3344 1940 3402 ΙΙ.
1987 3362 2039 3418 p.
2076 3344 2199 3398 221.
2271 3340 2399 3398 Non
2434 3350 2582 3398 recte

387 3428 688 3490 Groskurd.
726 3435 765 3491 l.
791 3452 839 3493 c.
866 3435 934 3492 T.
962 3435 1023 3491 ΙΙ.
1060 3452 1116 3508 p.
1153 3438 1258 3492 445
1295 3453 1415 3492 ann.
1442 3438 1477 3493 3
1501 3436 1788 3495 Strabonis
1810 3441 1988 3497 locum
2012 3441 2084 3496 ad
2108 3440 2353 3513 Pompeji
2376 3441 2580 3496 donati-

385 3546 544 3585 onem
591 3531 783 3598 refert,
828 3551 935 3606 qua
970 3533 1318 3589 Ariobarzani
1364 3551 1413 3592 a.
1462 3535 1569 3591 688
1601 3553 1652 3595 u.
1692 3556 1741 3594 c.
1779 3546 1992 3610 praeter
2023 3539 2159 3595 alias
2197 3537 2420 3595 Ciliciae
2455 3541 2580 3592 civi-

386 3632 527 3682 tates
574 3626 866 3685 castabala
913 3632 983 3686 ad
1030 3634 1205 3686 sinum
1254 3630 1480 3685 Issicum
1529 3635 1636 3687 sita
1683 3633 2001 3707 obtigerunt.
2054 3638 2196 3710 App.
2242 3635 2321 3693 Μί
2323 3635 2423 3694 thr.
2464 3636 2582 3694 1⁰5.

388 3720 474 3776 De
522 3724 607 3780 his
656 3743 786 3781 vero
837 3726 1037 3783 Strabo
1086 3746 1195 3784 non
1244 3729 1515 3802 cogitavit.
1567 3728 1652 3785 cf.
1684 3728 1754 3800 ej.
1803 3748 1987 3804 geogr.
2037 3734 2074 3791 l.
2128 3733 2247 3802 xn,
2292 3752 2344 3808 p.
2383 3734 2504 3791 537.

532 3821 734 3890 ²)xu,
769 3842 825 3899 p.
861 3827 981 3883 569.
1242 3851 1247 3856 ·

532 3915 581 3984 ⁴)
628 3920 807 3977 Strab.
875 3921 1023 3988 XlV,
1081 3940 1134 3997 p.
1203 3928 1299 3979 651
1363 3940 1447 3997 sq.
1543 3922 1859 3997 Stephanus
1925 3923 2058 3995 Byz.
2117 3944 2165 3982 a.
2222 3946 2275 3987 v.
2336 3932 2583 3987 Δαίδαλα.

385 4012 615 4073 Ptolem.
653 4018 721 4083 V,
760 4023 791 4074 3
828 4019 1071 4076 Daedala
1107 4021 1310 4093 Lyciae
1345 4021 1620 4079 adscribit.
1763 4041 1768 4048 ·

532 4110 576 4178 Ἴ
614 4114 683 4170 cf.
720 4115 1103 4175 Woltersdorf.
1153 4126 1435 4176 comment.
1484 4120 1556 4176 de
1600 4121 1708 4177 vita
1752 4118 1930 4175 mr
1976 4120 2053 4176 M.
2102 4120 2369 4196 (Gotting.
2426 4121 2589 4191 18¹3)

386 4227 439 4282 p.
478 4213 544 4266 26
583 4228 669 4284 sq.

531 4309 753 4384 ⁸.)App
793 4309 970 4369 Mithr.
1013 4317 1231 4370 11-13.
1276 4319 1355 4371 15.
1392 4320 1477 4373 56.
1518 4321 1604 4373 57.
1669 4315 1817 4376 διιεῖ.
1857 4313 2149 4382 xxxvm,
2188 4323 2239 4374 5.
2345 4337 2350 4342 ·

2136 4421 2169 4471 2
