3072 4834
1491 283 1588 347 11-

429 462 491 523 ιι.
540 468 598 516 c.
646 444 961 528 Eumeni,
1020 444 1165 523 cui
1174 444 1494 530 exiguum
1539 448 1766 515 antea
1783 446 2388 532 eratimpcnumw,
2427 444 2644 525 Thra-

432 564 611 635 eine
637 560 1133 633 Chersonesus
1148 564 1255 627 et
1280 557 1525 645 oppida
1579 563 1649 633 et
1693 560 1839 646 agri
1894 546 2138 646 quibus
2201 559 2441 628 finibus
2470 563 2645 635 {An-

431 675 694 747 tiochus
736 678 1075 756 tenuerat,
1121 671 1411 760 Phrygia
1449 674 1661 740 minor
1703 673 1791 741 ad
1832 673 2371 761 Hellespontum,
2427 675 2648 763 Mysia

431 797 762 882 quatenus
802 791 875 856 in
927 789 1203 859 Prusiae
1255 792 1597 879 potestate
1656 787 1907 871 erat⁹)‚
1978 789 2228 876 Lydia,
2285 788 2479 857 Caria
2531 812 2648 858 se-

433 903 890 995 ptentrionalis
908 924 911 933 ·
931 903 1085 973 inde
1140 925 1187 973 a
1210 928 1217 933 ·
1238 902 1492 989 Lydiae
1548 901 1787 996 finibus
1831 924 2046 991 usque
2087 905 2176 973 ad
2215 904 2649 975 Maeandrum

432 1038 689 1091 amnem
741 1024 1084 1106 porrecta,
1126 1017 1438 1103 :Phrygia
1487 1021 1700 1107 major
1716 1017 1808 1100 ³),
1876 1017 2116 1105 Milyas
2135 1021 2225 1102 4·),
2283 1019 2650 1105 Lycaonia¹

434 1135 827 1219 Telmesus,
871 1133 1122 1221 Lydae
1142 1133 1389 1199 ‘civitas
1409 1138 1487 1214 ⁸),
1538 1130 1817 1217 Tralles,
1862 1131 2204 1220 Ephesus,
2253 1154 2342 1200 ex
2372 1132 2650 1205 Graecis

357 1302 368 1311 -
434 1250 718 1338 denique
773 1246 1186 1331 civitatibus,
1255 1267 1428 1335 quae
1482 1245 1696 1317 Attali
1736 1248 1788 1316 1.
1839 1248 2320 1334 stipendiariae
2386 1249 2652 1316 fuerant

434 1373 550 1432 aut
601 1387 751 1432 cum
805 1363 1139 1433 Antiocho
1194 1368 1561 1430 senserant.
1648 1362 1758 1429 De
1811 1342 2198 1449 Pamphylia
2255 1386 2454 1450 quum
2506 1360 2650 1431 Eu-

434 1502 665 1551 menes
706 1486 783 1549 et
818 1476 1136 1550 Antiochi
1162 1475 1377 1563 'legati
1404 1479 1749 1564 Apameae
1791 1480 1962 1546 inter
2002 1499 2080 1545 se
2125 1477 2646 1564 disceptassent,

584 1772 626 1841 1)
663 1750 977 1827 Secundum
1015 1754 1195 1829 Strab.
1232 1756 1384 1837 Xlll,
1421 1788 1474 1843 p.
1512 1770 1635 1828 624.
1666 1768 1793 1827 CaS.
1832 1786 2055 1843 regnum
2086 1769 2473 1843 Pergamenum
2498 1777 2645 1826 ante·

438 1887 597 1944 quam
633 1887 665 1924 a
699 1870 961 1924 Romanis
996 1874 1207 1924 auctum
1247 1875 1362 1934 est,
1415 1867 1684 1941 Pergamo
1731 1874 1934 1923 tantum
1981 1870 2280 1941 paucisque
2324 1867 2550 1925 urbibus
2598 1870 2652 1924 in

438 1974 538 2021 cra
571 1968 829 2021 maritima
862 1969 1002 2022 iuter
1021 1966 1442 2038 Adramytenum
1478 1972 1533 2021 et
1555 1966 1839 2022 Elaiticam
1873 1967 2050 2021 sinum
2086 1968 2210 2020 sitis
2240 1966 2530 2022 constabat
2549 1983 2654 2023 nec

438 2062 623 2137 plures
657 2071 808 2120 certe
840 2064 968 2120 inde
1003 2081 1074 2120 ex
1119 2082 1229 2137 quo
1263 2063 1524 2122 Achaeus
1539 2062 1815 2135 ,Antiochi
1853 2062 1942 2120 lll.
1991 2063 2302 2136 praefectus
2335 2063 2575 2121 Attalum
2612 2064 2653 2123 1.

437 2161 699 2221 Eumenis
734 2160 798 2221 ll.
834 2169 1043 2235 patrem
1074 2163 1133 2219 in
1169 2164 1422 2235 antiquos
1458 2163 1595 2219 fines
1631 2161 1842 2234 repulit,
1878 2159 2184 2227 tributarias
2221 2162 2470 2217 civitates
2507 2162 2654 2219 vide·

441 2266 526 2314 tur
560 2257 1067 2333 comprehendisse;
1110 2259 1292 2332 Mysia
1317 2261 1455 2313 enim
1480 2259 1725 2325 finitima,
1768 2276 1925 2331 quam
1952 2275 2112 2330 quum
2138 2256 2441 2313 Antiochus
2465 2258 2654 2339 adver·

439 2372 539 2411 sus
577 2354 878 2429 Selgenses
916 2357 1195 2432 profectus
1234 2363 1413 2426 esset,
1450 2356 1666 2412 Attalus
1705 2358 1901 2410 invasit
1937 2354 2153 2427 (Polyb.
2192 2354 2260 2422 V,
2291 2357 2423 2428 77),
2462 2357 2655 2411 Eume-

440 2451 541 2508 nes
576 2471 707 2508 vero
745 2453 956 2508 demum
994 2456 1300 2509 continuata
1339 2454 1576 2510 fortasse
1613 2453 1958 2527 expeditione
1995 2452 2101 2508 sibi
2132 2453 2380 2525 adjunxit
2436 2453 2655 2526 (Polyb.

438 2549 618 2617 xxu,
653 2550 777 2618 27),
814 2566 848 2605 a
883 2550 1074 2605 Prusia
1106 2531 1361 2623 'adempta
1386 2556 1488 2605 est.
1527 2551 1669 2617 (mv.
1711 2548 2026 2617 xxxviii,
2062 2551 2177 2619 39.)
2252 2550 2455 2607 sociae
2490 2552 2659 2612 Anas

441 2654 498 2704 et
528 2650 737 2704 amicae
768 2647 1070 2704 resa-untur
1105 2646 1293 2718 cyme,
1336 2646 1597 2717 ‘Smyr-na,
1652 2647 1935 2715 Pboea'ea,
1973 2649 2180 2721 Aegae
2218 2649 2499 2716 Aeolidis,
2553 2649 2658 2706 Te·

439 2761 616 2812 mnus,
650 2745 820 2814 Teos,
861 2743 1171 2819 Colophon,
1204 2744 1566 2819 Lampsacus,
1601 2745 1933 2804 Alexandria
1969 2746 2166 2814 Troas,
2199 2745 2369 2804 mum.
2407 2747 2479 2802 cf.
2507 2747 2660 2804 Man-

440 2845 600 2900 sonis
636 2851 919 2902 comment.
958 2843 1027 2898 de
1063 2841 1290 2907 Attalis,
1344 2841 1483 2897 libro
1519 2843 1590 2896 de
1628 2843 1911 2902 Constant.
1952 2845 2026 2901 M.
2066 2848 2176 2901 vita
2212 2846 2526 2918 conscripto
2567 2863 2659 2919 ap-

441 2944 605 3016 posit.
644 2958 695 3014 p.
733 2943 841 2998 394
875 2957 1000 3013 sqq,
1039 2946 1094 2994 et
1128 2939 1317 2995 Meieri
1365 2939 1583 2996 dissert.
1651 2940 1720 2994 de
1768 2959 1935 3014 regno
1973 2941 2310 3016 Pergameno
2346 2943 2401 2997 in
2437 2939 2661 3014 Encycl.

440 3039 562 3096 llal.
601 3037 724 3094 Vol.
765 3038 891 3094 xv!
931 3057 982 3112 p.
1020 3038 1128 3094 358
1163 3054 1286 3110 sqq.

589 3135 741 3205 ⁸)cf.
778 3153 902 3192 ann.
946 3137 992 3193 l.

588 3233 631 3301 ’)
669 3233 810 3290 Huic
846 3241 1042 3305 postea
1075 3231 1290 3304 adjecta
1327 3238 1415 3290 est
1450 3230 1688 3305 Phrygia
1721 3232 2038 3305 Epictetus,
2080 3233 2151 3288 de
2188 3251 2298 3306 qua
2331 3233 2559 3291 Prusias
2595 3233 2662 3291 ll.

444 3347 515 3386 ex
557 3337 720 3403 pacto
770 3332 957 3385 cessit.
1003 3330 1072 3386 cf.
1112 3314 1291 3386 Sti-ab.
1331 3329 1453 3386 Xll.
1501 3349 1556 3403 p.
1595 3331 1703 3387 563
1749 3336 1883 3387 extr.
1933 3333 2022 3404 qui
2060 3338 2301 3388 ceterum·
2334 3332 2385 3389 h.
2428 3336 2477 3393 l.
2516 3339 2577 3388 ut
2611 3340 2668 3387 et

443 3428 571 3486 alibi
616 3427 900 3501 Phrygiam
948 3428 1255 3500 Epictetum
1317 3435 1373 3484 et
1426 3426 1718 3501 Phrygiam
1777 3429 1849 3486 ad
1897 3429 2320 3501 Hellespontum
2367 3431 2664 3488 confundit.

445 3525 516 3583 cf.
561 3524 824 3583 Mannert.
875 3525 1075 3596 Geogr.
1136 3531 1246 3579 ant.
1303 3524 1369 3583 T.
1432 3525 1525 3581 Vl.
1576 3526 1639 3582 P.
1682 3526 1771 3583 111.
1810 3543 1864 3598 p.
1901 3529 1990 3583 87.
2030 3529 2137 3582 554
2183 3543 2268 3601 sq.
2357 3526 2662 3586 Groskurd.

446 3622 686 3679 maslai„
736 3620 920 3678 strab.
968 3623 1031 3679 T.
1080 3620 1145 3679 11.
1182 3640 1238 3696 p.
1284 3623 1394 3680 5⁰2
1428 3639 1540 3679 asu
1572 3624 1624 3680 2.
1699 3623 1988 3697 Repetam
2025 3623 2208 3682 Strab.
2243 3624 2281 3684 l.
2320 3637 2374 3683 e.
2406 3625 2670 3684 intellexit

444 3717 728 3794 Forbiger.
768 3719 971 3792 Geogr.
1009 3727 1116 3776 ant.
1150 3719 1218 3778 T.
1257 3719 1325 3779 11.
1365 3738 1418 3794 p.
1453 3723 1578 3778 388·
1597 3725 1723 3778 ahu.
1764 3722 1852 3778 64.

591 3816 635 3887 ⁶)
673 3817 831 3874 Haec
854 3817 1091 3874 Pisidiae
1124 3834 1256 3892 pars
1294 3819 1419 3874 inde
1454 3837 1487 3873 a
1512 3819 1811 3875 Termesso
1847 3831 2024 3892 usque
2057 3821 2131 3876 ad
2167 3819 2527 3893 Sagalnsmn
2563 3820 2664 3876 Pa-

445 3911 607 3969 tebat.
680 3913 862 3972 Sti-ab.
897 3914 1071 3972 Xlll.
1064 3934 1137 3989 p.
1168 3916 1277 3974 631
1319 3916 1444 3973 coll.
1480 3915 1612 3973 xn.
1647 3936 1698 3989 p.
1735 3916 2292 3991 57o.x1v.p.ooo.
2369 3967 2374 3974 .

467 4020 474 4030 ’
592 4010 638 4080 1)
674 4012 982 4069 Telmissos
1028 4015 1147 4068 sive
1183 4013 1504 4069 Telmessus
1550 4017 1636 4081 (ν.
1688 4014 1924 4087 Forbig.·
1967 4016 2170 4089 Geogr.
2224 4023 2331 4071 ant.
2381 4014 2448 4073 T.
2485 4015 2563 4074 .11.
2610 4029 2666 4088 p:

444 4111 576 4178 255)
615 4110 669 4164 in
717 4108 910 4166 Cariae
958 4111 1191 4167 confinio
1228 4114 1336 4167 sita
1373 4115 1503 4167 erat.
1544 4113 1620 4178 (v.
1660 4112 1842 4171 strab.
1879 4112 2281 4186 X1V.p.-oe5.
2356 4113 2496 4170 Plin.
2533 4113 2586 4170 h.
2609 4131 2665 4192 q.

446 4207 527 4274 V,
548 4207 638 4275 28,
706 4207 837 4265 Mel.
877 4207 916 4275 1,
956 4210 1066 4277 15.)
1105 4209 1293 4281 ltaque
1326 4226 1361 4264 a
1400 4208 1678 4266 Cicerone
1704 4211 1812 4285 ipsi
1848 4210 2044 4268 Cariae
2077 4209 2419 4332 adscribitur.
2455 4212 2553 4281 (de
2589 4211 2665 4267 di·

447 4307 554 4363 viu.
594 4305 635 4372 Ι,
671 4305 765 4361 41.
801 4306 921 4373 42.)
2095 4343 2098 4348 >
2607 4339 2614 4352 ν
