3072 4834
1470 276 1554 344 31

1024 448 2062 604 {XTHnsnsss's

396 722 907 797 frtssnlamm
998 714 2638 871 mvmeiffmnantefliodefflQ

471 865 488 884 .
541 819 692 882 Non
734 839 778 902 p
806 836 959 880 ures
1001 815 1069 880 vi
1118 817 1307 878 entur
1348 811 1560 877 fuisse
1605 828 1732 875 clvi
1835 831 1912 875 es
1954 810 2112 874 1uris
2142 808 2241 874 lta
2265 810 2369 889 ici,
2418 824 2613 895 quam

354 968 357 971 .
537 925 709 991 quae
750 905 820 968 in
862 903 1015 987 Dig.
1059 900 1101 967 l.
1148 901 1228 966 L.
1268 900 1387 966 tit.-
1417 898 1568 964 ΧΨ.
1613 898 1730 977 (de
1778 895 2118 982 censibus)
2163 895 2397 961 allatae
2440 902 2614 964 sunt.

406 994 516 1062 111.
548 991 769 1078 Apud
813 991 1010 1058 Dion.
1081 987 1422 1077 chrysost.
1491 992 1652 1053 orat.
1708 985 2003 1052 XXXV.
2050 983 2502 1069 (Celaeneus.)
2547 1007 2613 1069 p:

536 1080 670 1148 334
712 1104 774 1147 v.
819 1080 902 1144 21
955 1075 1270 1158 (Morell.)
1319 1075 1510 1142 codd.
1555 1074 1752 1141 lectio
1798 1074 1962 1159 „daci
2005 1077 2296 1152 πλείονος
2338 1073 2614 1160 χρόνου”

535 1191 656 1257 pro
674 1190 834 1322 dqua
865 1167 1179 1235 Reiskius
1223 1165 1571 1253 proposuit
1612 1161 1775 1247 ,ῥισὶ
1817 1173 2071 1252 μείονος
2110 1162 2412 1250 χρόνου”,
2460 1164 2614 1226 reti-

416 1292 421 1295 ·
537 1280 669 1324 nen
718 1279 775 1323 a.
2517 1278 2522 1287 ·
2607 1264 2614 1293 ’

410 1347 520 1415 lv.
545 1348 881 1413 Romanos
937 1343 1022 1409 ad
1077 1340 1524 1409 Alexandrum
1579 1339 1670 1407 M.
1726 1339 1981 1427 legatos
2036 1339 2443 1427 Babylonem
2496 1340 2614 1403 mia

544 1436 739 1516 sisse,
787 1454 969 1498 mera
1013 1429 1232 1496 fabula
1273 1428 1642 1495 iudicanda.
2021 1468 2026 1473 -

412 1524 491 1591 V.
543 1523 866 1589 Diversae
907 1517 1536 1605 interpretandorum
1578 1516 1946 1605 mythorum
1979 1517 2299 1583 ineundae
2329 1523 2486 1582 sunt
2514 1536 2616 1580 ra-

410 1699 519 1767 Vl.
542 1617 779 1767 &el-¹153·
827 1712 999 1782 quae
1065 1696 1133 1760 in
1197 1650 1493 1761 Platonis
1552 1691 1788 1779 Symp.
1843 1716 1913 1779 p.
1975 1692 2099 1759 1—78
2156 1693 2243 1760 B.
2290 1691 2613 1778 leguntur‚·

543 1784 800 1873 „atinio
830 1788 1046 1853 ἐὴειτα
1075 1821 1160 1833 -·
1191 1785 1363 1873 φησί’
1368 1783 1384 1814 ’
1431 1781 1669 1848 deinde
1714 1787 2173 1873 ,,Παρμενίδης
2200 1819 2286 1830 -·
2316 1782 2614 1849 πάντων”

541 1874 930 1960 interpolata
971 1874 1194 1960 potius
1239 1892 1434 1963 quam
1478 1893 1517 1936 a
1562 1869 1839 1936 Platone
1880 1872 2185 1938 videntur
2227 1873 2545 1957 profecta.
2613 1879 2617 1883 ⁴

815 2354 821 2361 ’
953 2407 2099 2504 ἺἿΤΑΗΑΠΟΤΟΒᾸε

588 2593 952 2664 Guilelmus
1006 2597 1382 2666 Richardus
1455 2601 1901 2686 Bergmann
1962 2601 2030 2664 in
2087 2598 2312 2664 Nova
2371 2592 2625 2686 Sulza

414 2684 829 2768 superiori
879 2685 1272 2771 Thuringiae
1329 2689 1479 2755 vico
1541 2711 1748 2775 prope
1791 2687 2380 2754 Eckartimontium
2432 2686 2621 2770 oppi-

261 2839 276 2854 ‚
415 2771 568 2838 dum
634 2774 762 2839 sito
831 2795 888 2839 a.
959 2774 1021 2840 d.
1081 2774 1230 2842 XV.
1287 2776 1432 2844 Kal.
1487 2778 1646 2842 Ma‘.
1714 2800 1774 2846 a.
1829 2773 2335 2842 MDCCCXXI.
2403 2773 2624 2853 natuSJ

411 2865 599 2944 patre
644 2859 1010 2949 Theophilo
1058 2861 1376 2930 Guilelmo
1421 2866 1593 2932 Bern
1643 2865 1823 2947 ardo,
1918 2866 2120 2931 atriae
2164 2861 2391 2929 salinis
2432 2882 2626 2948 prae-

412 2949 612 3030 fecto,
656 2955 864 3016 matre
892 2950 1224 3018 Friderica
1256 2974 1293 3018 e
1370 2958 1519 3019 ente
1551 2953 1853 3020 Liehes
1923 2953 2090 3036 ind,
2138 2951 2379 3044 quihus
2410 2948 2626 3015 adhuc

409 3037 581 3114 vivis
624 3037 902 3122 gaudeo,
949 3038 1149 3106 fidem
1189 3063 1309 3127 pro
1357 3048 1500 3108 teor
1545 3040 2006 3128 evangelicam.

586 3123 919 3195 Absoluto
952 3128 1178 3215 quinto
1209 3132 1449 3197 aetatis
1493 3152 1664 3197 anno
1707 3129 2134 3216 ludimagistri
2167 3124 2464 3196 scholam
2494 3127 2626 3191 fre-

413 3214 840 3298 quentabam,
898 3216 1052 3281 inde
1108 3239 1147 3281 a
1203 3240 1377 3306 nono
1423 3241 1640 3306 usque
1682 3218 1769 3284 ad
1811 3219 2074 3283 tertium
2119 3218 2445 3284 decimum
2489 3216 2628 3280 fere

413 3298 776 3369 domestica
833 3304 1104 3370 duorum
1147 3314 1650 3394 praeceptorum
1694 3308 2105 3374 institutione
2152 3305 2417 3387 utebar,
2478 3301 2626 3369 Car.

411 3387 684 3456 Rostii
727 3398 796 3458 et
823 3393 1018 3461 Ferd.
1051 3394 1462 3462 wendelii
1508 3397 1927 3462 sacerdotum
1965 3392 2409 3476 solinensium,
2457 3413 2629 3479 quos

410 3478 521 3628 pio
568 3484 883 3567 gratoque
915 3484 1127 3548 animo
1161 3482 1377 3550 colere
1407 3505 1538 3549 non
1570 3484 1887 3552 desinam.
1974 3482 2192 3549 Pridie
2223 3484 2393 3548 Non.
2425 3481 2626 3564 Apri-

440 3586 513 3631 es
560 3588 618 3632 a.
655 3565 1290 3658 Mucccxxxlv.
1335 3573 1401 3637 i¹n
1451 3571 1742 3639 Scholae
1773 3572 2117 3642 Portensis
2164 3569 2449 3636 classem
2494 3573 2628 3633 ter-

410 3653 566 3718 tiam
597 3652 744 3721 Car.
776 3655 1227 3726 Kirchnero
1271 3667 1526 3727 rectore
1571 3667 1884 3747 receptus
1916 3660 2312 3727 Graecarum
2344 3663 2416 3724 et
2444 3658 2629 3722 Lali-

408 3759 632 3807 narum
676 3742 1003 3811 literarum
1047 3770 1266 3817 amore
1311 3752 1627 3817 incensus
1674 3772 1842 3832 sum,
1891 3747 2277 3838 exstititque
2305 3751 2628 3831 perpetuo

411 3827 495 3894 iis
540 3851 805 3915 operam
846 3836 1129 3901 navandi
1176 3839 1541 3923 consilium,
1592 3839 1769 3925 quod
1812 3838 1965 3903 inde
2013 3857 2098 3902 ex
2143 3857 2273 3922 quo
2320 3834 2634 3898 acutissi-

407 3939 584 3982 mum
630 3918 703 3985 C.
748 3922 824 3987 F.
874 3920 1471 4010 Steinhartum‚
1530 3930 1741 3993 virum
1795 3926 2007 3994 solida
2064 3924 2366 3990 doctrina·
2417 3941 2629 4006 aeque

412 4026 494 4070 ac
538 4007 846 4092 singulari
900 4009 1302 4079 humanitate
1359 4015 1793 4082 excellentem
1852 4016 1935 4081 de
1990 4012 2288 4079 Platonis
2332 4008 2626 4097 philoso-

406 4092 595 4180 phia,
655 4096 738 4162 de
786 4095 1149 4185 Sophoclis
1204 4104 1594 4187 tragoedus,
1635 4105 1736 4170 fle
1793 4101 2293 4190 antiquitatibus
2351 4099 2629 4166 Graecis

409 4183 849 4251 disserentem
893 4187 1135 4271 audivi,
1180 4192 1391 4274 magis
1435 4190 1884 4257 confirmatum
1927 4197 2053 4258 est.
2143 4189 2402 4257 Infirma
2445 4185 2627 4252 vale-

407 4271 633 4342 tudine
688 4276 961 4361 saepius
1015 4277 1404 4365 impeditus,
1464 4281 1812 4368 quominus
1868 4281 2084 4345 omnia
2140 4300 2311 4365 quae
2368 4274 2624 4357 vellem,
