3072 4834
1497 293 1585 362 32

441 476 916 542 consequerer,
991 458 1347 541 postquam
1414 457 1814 523 maturitatis
1879 460 2322 527 testimonium
2388 467 2645 551 accepi,

439 568 498 614 a.
524 546 586 612 d.
617 544 829 610 XVII.
861 540 1008 610 Kal.
1037 545 1202 628 Apr.
1226 566 1284 612 a.
1313 540 1808 635 MDCCCXLI.
1842 546 2138 614 scholam
2167 549 2412 638 ‚reliqui
2451 559 2650 640 atque

442 639 727 701 exeunte
773 653 1001 697 mense
1045 632 1225 721 Majo
1271 632 1512 697 Jenam
1556 635 1848 718 migravi,
1914 635 2286 722 *hilologiae
2344 642 2537 706 simul
2582 650 2650 708 et

440 722 813 806 theologiae
877 741 1142 805 operam
1210 720 1499 788 daturus.
1605 721 1835 807 Itaque
1927 726 2296 797 actionibus
2359 730 2645 812 interfui,

439 832 607 898 quas
662 808 748 876 ill.
806 808 1367 893 Goettlingius
1414 810 1497 875 de
1554 814 1973 894 grammatica
2027 835 2296 898 graeca,
2364 817 2646 894 Baum-

439 895 1120 985 garten-*Crusius
1153 898 1234 962 de
1263 897 1570 964 librorum
1598 901 1680 964 N.
1715 901 1791 965 Τ.
1821 900 2380 987 interpretatione,
2413 907 2647 972 Reiu-

438 986 763 1054 holdius
821 985 904 1050 de
956 984 1385 1071 psychologia
1441 992 1514 1061 et
1566 985 1778 1071 logice
1846 988 2233 1058 habuerunt.
2332 996 2432 1059 At
2492 1012 2648 1065 mox

439 1099 639 1162 quum
681 1073 1176 1156 intellexissem,
1223 1072 1363 1139 fieri
1404 1097 1538 1140 non
1574 1097 1802 1161 posse,
1850 1079 2009 1163 quin
2048 1081 2116 1144 in
2147 1079 2402 1147 duabus
2448 1083 2646 1150 disci-

435 1164 632 1251 plinis
675 1184 902 1249 parem
946 1162 1341 1253 diligentiam
1386 1162 1798 1247 collocarem,
1843 1167 2049 1232 misso
2093 1166 2465 1255 theologiae
2503 1178 2645 1239 stu-

438 1253 545 1318 dio
603 1252 688 1318 ad
743 1250 949 1318 solam
996 1256 1185 1340 cujus
1229 1273 1410 1319 amor
1450 1251 1833 1336 praevaluit,
1877 1252 2295 1340 philologiam
2336 1280 2443 1325 me
2488 1282 2645 1326 con-

436 1343 627 1423 verti,
673 1362 754 1406 ac
785 1339 1187 1406 celeberrimi
1214 1339 1611 1406 Boeckhii
1656 1343 1832 1407 fama.
1857 1342 2096 1409 ductus
2124 1345 2389 1417 ineunte
2417 1370 2647 1415 mense

435 1428 792 1497 Novembri
847 1433 930 1515 ej,
985 1449 1043 1494 a.
1090 1427 1461 1505 Berolinum
1514 1450 1621 1494 me
1678 1430 1955 1512 contuli,
2022 1431 2134 1496 ubi
2188 1432 2643 1503 Dietericio

437 1524 693 1585 rectore
740 1500 993 1582 civibus
1037 1516 1428 1583 academicis
1473 1539 1620 1582 sum
1662 1518 2055 1604 adscriptus.
2135 1574 2140 1581 .
2575 1594 2578 1599 ¹

569 1605 880 1673 Ostendit
919 1604 1073 1669 mihi
1103 1604 1565 1671 Boeckhius
1595 1631 1657 1672 v.
1687 1606 1773 1673 ill.
1803 1609 2074 1693 primus,
2108 1629 2452 1694 quemnam
2476 1611 2647 1678 inter

443 1693 825 1780 disciplinas
868 1693 1219 1779 philologia
1260 1699 1484 1760 teneat
1510 1693 1749 1777 locum,
1796 1716 2118 1781 quaenam
2148 1699 2237 1763 sit
2267 1703 2412 1786 ejus
2439 1701 2641 1781 notio,

441 1785 706 1870 quinam
761 1782 1074 1863 ambitus,
1134 1783 1394 1869 quinam
1439 1781 1618 1866 finis3
1676 1785 1929 1868 aperuit
1981 1787 2185 1851 totius
2240 1789 2644 1873 antiquitatis

441 1876 695 1953 fontes,
752 1893 839 1937 ex
883 1869 1124 1956 quibus
1158 1875 1298 1959 jam
1346 1892 1597 1935 summa
1643 1893 1791 1937 cum
1836 1873 2195 1958 cupiditate
2240 1874 2449 1944 hausi.
2537 1878 2645 1942 Ac

441 1966 685 2047 quanta
729 1981 877 2025 cum
920 1959 1317 2024 humanitate
1363 1958 1600 2024 ab-illo
1633 1964 1702 2024 et
1729 1959 1817 2026 ill.
1848 1959 2107 2028 Joanne
2138 1964 2479 2028 Fran'zio
2522 1967 2645 2028 sim

439 2055 785 2136 exceptus,
819 2053 1129 2133 quantum
1157 2048 1725 2133 praestantissimo
1758 2070 1980 2113 eorum
2012 2049 2284 2116 consilio
2314 2053 2380 2115 in
2410 2052 2646 2117 studiis

438 2136 683 2223 ubique
729 2136 1025 2226 adjutus,
1087 2142 1331 2222 quanta
1386 2135 1670 2222 denique
1724 2136 2186 2204 benevolentia
2243 2144 2520 2224 uterque
2578 2145 2646 2203 et

440 2248 596 2292 cura
627 2227 998 2290 etiamnunc
1028 2247 1133 2290 me
1163 2231 1669 2311 prosequantur,
1701 2247 1833 2290 non
1864 2228 2027 2291 satis
2057 2248 2331 2311 possum
2362 2226 2643 2291 laudare.

613 2313 743 2379 Per
785 2321 1064 2400 quatuor
1108 2312 1424 2397 deinceps
1468 2333 1677 2378 annos
1722 2312 1988 2379 scholas
2037 2315 2449 2398 frequentavi
2492 2313 2642 2397 phi-

381 2419 391 2431 ·
438 2402 753 2488 lologicas
836 2400 1266 2484 Boeekhii,
1355 2402 1710 2484 Franzii,
1795 2401 2226 2488 Gepperti,
2313 2399 2640 2486 Heysii,

438 2492 958 2572 Lachmanni,
1006 2491 1392 2576 Zumptii3
1436 2488 1931 2576 philosophicas
1979 2490 2339 2571 Georgii,
2387 2489 2643 2555 Maer-

439 2582 697 2661 ckeri,
756 2578 1213 2662 Micheleti,
1276 2577 1811 2665 Schellingii,
1873 2576 2652 2663 'frendelenburgii3

436 2667 912 2755 mythologicas
971 2667 1324 2751 Stuhrii3
1382 2667 1731 2734 historicas
1775 2664 2064 2732 Rankii
2120 2671 2188 2731 et
2243 2667 2645 2752 Raumeri3

436 2756 1347 2910 geogllilgelsszzansbinihhrii
1402 2845 1562 2929 regii
1628 2840 2002 2930 philologici
2071 2835 2647 2924 exercitationibus

437 2932 853 3004 Boeckhio
911 2939 978 2999 et
1033 2933 1536 3000 Lachmanno
1591 2928 2114 3012 moderantibus,
2172 2930 2419 2998 sodalis
2475 2931 2646 2998 ordi-

435 3024 656 3089 narius
700 3043 822 3108 per
865 3022 1033 3088 duos
1086 3044 1293 3088 annos
1345 3021 1637 3102 interfui,
1693 3020 1850 3086 item
1907 3018 2458 3106 disputationibus
2548 3019 2643 3082 hi-

436 3109 734 3196 lologicis
763 3107 1624 3204 Franzii,⁴philosophicis
1657 3107 2410 3198 Trendelenburgii.
2488 3044 2644 3187 Eui-

437 3199 566 3265 bus
609 3200 767 3265 viris
810 3198 898 3266 ill.
946 3197 1027 3266 cl.
1073 3198 1372 3265 omnibus
1415 3218 1535 3283 per
1578 3201 1783 3261 totam
1827 3198 2028 3264 vitam
2056 3199 2325 3282 gratiam
2368 3193 2648 3266 habebo.

617 3285 748 3353 Per
795 3287 963 3355 duos
1007 3294 1382 3374 postremos
1429 3305 1637 3349 annos
1681 3285 1748 3350 in
1777 3286 2251 3371 perscrutanda
2278 3284 2647 3370 provincia-

438 3399 581 3442 rum
612 3377 1048 3442 Romanarum
1096 3375 1478 3441 condicione
1510 3371 1857 3459 plurimum
1890 3375 2204 3459 temporis
2236 3374 2648 3458 consumpsi3

437 3487 714 3551 quorum
760 3465 1118 3531 studiorum
1163 3461 1522 3547 specimine
1567 3460 1969 3547 amplissimo
2001 3462 2463 3528 Universitatis
2505 3461 2646 3528 Fri-

439 3553 701 3618 dericae
749 3552 1107 3619 Guilelmae
1150 3547 1598 3623 Berolinensis
1655 3550 1862 3615 ordini
1914 3548 2451 3636 philosophorum
2495 3569 2648 3632 pro-

437 3643 658 3726 posito
705 3641 791 3707 ad
837 3663 1110 3708 examen
1152 3636 1680 3724 philosophicum
1711 3638 2042 3705 admissus
2074 3661 2243 3719 sum,
2338 3660 2423 3703 uo
2453 3658 2651 3714 ,com-

306 3787 311 3790 ,
435 3730 755 3817 probatus
800 3753 920 3817 pro
953 3729 1223 3795 summis
1253 3725 1710 3814 philosophiae
1741 3725 2097 3793 honoribus
2127 3728 2248 3793 rite
2281 3749 2318 3792 o
2369 3723 2653 3790 tinendis

428 3823 569 3907 jam
605 3819 722 3973 dad
790 3817 1272 3885 defendendam
1340 3837 1469 3882 una
1535 3836 1687 3880 cum
1753 3815 2055 3884 thesibus
2123 3814 2654 3901 dissertationem

438 3929 599 3976 acce
651 3930 710 3974 0.

1153 4039 1163 4052 0

1695 4065 1700 4076 ,

1054 4123 1854 4178 .,-τ-μῄηιμ---

1210 4235 1219 4254 Ι
1621 4241 1628 4250 .
