3072 4834
1424 276 1507 356 213

363 473 502 532 tum
546 459 753 528 trihus
796 457 968 524 tulit.
1061 444 1388 522 Consules
1433 472 1490 517 a.
1540 448 1669 516 623
1716 454 1901 515 erant
1943 450 2022 515 L.
2055 447 2351 514 Valerius
2381 445 2573 511 Flac-

365 600 527 660 cus,
584 576 818 642 flamen
873 568 1223 651 MartiaIiS,
1283 573 1354 633 et
1404 566 1482 641 P.
1539 566 1836 633 Licinius
1891 561 2177 631 Crassus
2233 562 2576 628 Mucianus

367 691 601 774 Dives,
647 687 951 776 pontifex
993 686 1334 750 maximus
1427 679 1715 749 Crassus
1758 681 2039 746 futuram
2083 677 2393 762 praedam
2439 675 2575 741 col-
2679 706 2683 712 Δ

369 805 556 892 legae
599 799 902 869 invidens
959 802 1019 867 ei
1077 784 1135 866 si
1192 820 1235 864 a
1286 797 1497 864 sacris
1544 795 1975 862 discessisset
2024 788 2332 858 mulctam
2392 792 2575 874 dixit,

373 942 568 1008 quam
611 914 896 1005 populus
942 915 1192 981 remisit
1235 911 1359 980 sed
1401 908 1697 998 pontifici
1740 909 2066 976 flaminem
2107 929 2338 993 parere
2370 909 2580 998 jussit

370 1034 592 1121 illique
624 1048 1033 1118 ¹quamquam
1054 1038 1411 1115 nunquam
1450 1026 1772 1112 pontifex*
1789 1029 1984 1090 extra
2024 1021 2273 1089 ltaliam
2318 1024 2577 1108 prssofec-

372 1156 487 1217 tus
531 1153 692 1228 erat,
740 1129 984 1213 bellum
1027 1150 1251 1210 tamen
1291 1141 1661 1229 gerendum.
1691 1139 1873 1207 dedit
1892 1137 1966 1222 ¹),
2011 1137 2096 1204 ad
2140 1136 2328 1224 quod·
2358 1139 2580 1222 impria

372 1264 500 1329 mis
544 1259 939 1327 Nicomedes
983 1256 1481 1344 11.-Bithyn·us‚-
1505 1255 1939 1342 Pylaemenes
1982 1251 2395 1338 Paphlagon,
2455 1252 2581 1318 Me

375 1375 693 1444 thidrates
748 1374 1236 1455 v.·Ponfic11s‚
1304 1370 1691 1440 Ariarathes
1748 1369 1882 1436 VL·
1916 1365 2283 1454 Cappadox
2337 1365 2582 1433 auxilia

377 1488 807 1577 praestabant
820 1489 895 1569 ⁹).
1008 1486 1367 1554 Exercitus
1440 1491 1674 1550 autem‘
1724 1505 1782 1549 a·
1833 1481 2232 1565 Thracibus,
2310 1490 2587 1569 quorum

374 1627 609 1691 magno
637 1616 910 1671 numero
945 1601 1362 1666 Aristonicus
1407 1598 1855 1686 adjuvabatur,
1900 1597 2283 1684 profligatus
2329 1603 2397 1664 et
2438 1599 2586 1683 ipse

377 1719 673 1789 crassus«
733 1717 848 1801 qui
915 1693 1268 1800 elegantia,
1339 1713 1714 1802 eloquentia
1728 1761 1749 1797 ,
1808 1715 1979 1804 juris
2035 1714 2314 1779 scientia
2377 1715 2588 1799 magis

378 1850 577 1922 quam
642 1828 880 1896 bellica
944 1831 1187 1896 virtute
1257 1832 1532 1915 insignis
1609 1828 1868 1896 'videtur
1931 1830 2141 1896 fuisse
2159 1829 2212 1908 ³)
2227 1856 2252 1912 ,·
2323 1830 2590 1896 ineunte

379 1943 600 2012 a.624
643 1943 821 2029 apud
850 1944 1116 2011 Leucas
1160 1947 1427 2012 occisus
1472 1951 1626 2028 est,
1669 1964 1890 2031 neque
1930 1945 2189 2010 omnino
2234 1943 2589 2031 quidquam

379 2060 562 2145 prius
578 2060 994 2149 profectum,
1042 2082 1238 2147 quam
1282 2058 1371 2126 M.
1414 2059 1748 2146 Pei-perna
1792 2057 2023 2126 consul
2063 2061 2133 2124 in
2160 2058 2394 2126 Asiam
2436 2064 2589 2145 pei-‘-

380 2175 582 2242 venit.
674 2172 813 2257 Qui·
845 2176 1296 2244 Aristonicum
1343 2173 1805 2243 Stratoniceae
1846 2176 2040 2241 sanie·
2063 2173 2150 2240 ad
2195 2172 2594 2240 deditionem

381 2290 599 2375 coegit
647 2295 1048 2379 captumque
1104 2312 1236 2358 una
1290 2304 1440 2358 cum
1495 2290 1733 2378 opibus
1777 2287 2089 2359 Attalicis
2142 2289 2422 2356 Romam
2476 2288 2592 2356 de-

379 2403 626 2489 portari
661 2406 882 2491 jussit.
973 2405 1067 2474 Ut
1108 2421 1289 2473 vero*
1311 2408 1625 2474 victoriae
1653 2404 1968 2478 honorem
2011 2406 2080 2471 in
2108 2426 2185 2472 se
2212 2405 2598 2472 transferret

380 2522 494 2591 Μ’.
537 2521 871 2610 Aquillius
915 2518 1152 2588 consul
1194 2541 1253 2587 a.
1296 2520 1429 2586 625
1488 2521 1669 2609 quod
1711 2520 1865 2588 belli
1909 2519 2229 2609 reliquum
2273 2525 2415 2587 erat
2451 2541 2594 2587 inas

380 2635 466 2704 lis
510 2636 759 2703 artibus
803 2657 966 2702 usus
1010 2633 1313 2700 celeriter
1357 2638 1761 2721 composuit,
1820 2656 1900 2703 ac
1955 2657 2192 2722 magna
2236 2640 2376 2726 jam
2430 2637 2597 2702 inter

384 2753 552 2819 duos
599 2750 907 2818 consules
954 2751 1291 2816 contentio
1341 2749 1424 2816 de
1470 2748 1800 2836 triumpho
1846 2753 2133 2835 exstitit,
2182 2772 2352 2838 quae
2397 2773 2598 2844 quum

380 2865 472 2934 Μ.
517 2866 853 2953 Perperna
906 2866 974 2931 iu
1027 2861 1278 2932 Italiam
1335 2864 1659 2930 rediturus
1712 2866 1888 2951 apud
1929 2865 2318 2953 Pergamum
2369 2861 2598 2933 morbo

380 2982 649 3070 peiret,
697 2975 916 3048 subito
964 2978 1238 3045 diremta
1283 2984 1408 3046 est.
1500 2979 1612 3046 Μ’.
1648 2978 1974 3066 Aquillius
2019 2988 2236 3076 autem
2282 3003 2320 3048 e
2364 2979 2600 3050 decem

380 3092 744 3181 legatorum
790 3095 1120 3164 sententia
1164 3095 1567 3181 provinciam
1610 3095 1892 3161 instituit
1906 3095 1996 3177 ⁶),
2054 3098 2160 3161 cui
2206 3098 2601 3166 continentis

385 3225 624 3277 nomen
667 3233 708 3276 a
751 3210 1068 3278 Romanis
1111 3210 1487 3295 impositum
1508 3211 1614 3289 ε’).·

536 3421 577 3486 ¹)
615 3422 732 3477 Cic.
769 3422 1027 3482 or.-Phi1.
1066 3420 1164 3488 Xl,
1199 3423 1408 3479 8.·1,tv·.
1450 3439 1546 3495 ep..
1576 3424 1608 3479 1.
1647 3423 1791 3479 Just.
1826 3420 2178 3488 Xxx=v1„4.

534 3519 576 3586 ⁸)
612 3518 795 3577 strab.
837 3521 872 3578 l.
912 3538 961 3577 c.
998 3519 1141 3576 Just.
1180 3517 1469 3586 XXXVll,
1515 3520 1564 3578 1.
1605 3519 1921 3586 ΧΧΧἿΙΙΙ,
1959 3522 2009 3576 5.
2053 3519 2276 3594 Eutrop.
2320 3520 2410 3587 lV,
2447 3521 2497 3578 9.

529 3616 572 3685 ⁸)
610 3615 728 3674 Cic.
769 3618 839 3671 de
873 3635 952 3675 or.
994 3618 1191 3684 1‚237,
1232 3618 1353 3673 170.
1413 3620 1504 3684 50,
1542 3617 1670 3675 216.
1731 3617 1882 3673 Brut.
1921 3620 2010 3685 33,
2052 3618 2173 3674 127.
2238 3616 2417 3673 Valer.
2457 3618 2605 3674 Max.

391 3710 531 3778 vm,
565 3713 620 3780 7,
654 3715 708 3772 6.
738 3717 743 3724 “
771 3713 989 3785 Quintil.
1028 3714 1128 3782 Xl,
1163 3715 1216 3781 2,
1250 3716 1340 3772 50.
1404 3716 1545 3771 Geli.
1584 3715 1653 3772 N.
1691 3717 1759 3772 A.
1802 3714 1841 3781 Ι,
1879 3713 1969 3773 13.
2030 3716 2176 3773 Jusu
2214 3713 2428 3782 xxm,
2464 3721 2526 3772 42·
2571 3739 2576 3746 ·

530 3808 576 3877 ⁸)
608 3810 798 3868 Strab.
838 3812 955 3870 biv.
995 3829 1083 3885 ep.
1140 3813 1284 3869 Just.
1323 3813 1472 3869 Flor.
1512 3814 1737 3887 Eutrop.
1777 3814 1830 3870 ll.
1871 3829 1957 3870 cc.
2016 3813 2208 3870 valen
2234 3813 2383 3872 Max.
2423 3813 2517 3880 ΙΙΙ,
2553 3815 2606 3878 2,

390 3904 486 3972 12;
520 3909 574 3973 4,
611 3909 663 3964 5.
700 3909 946 3967 Frontiu.
986 3915 1209 3983 strateg.
1247 3908 1340 3976 1V,
1381 3910 1470 3968 15.
1514 3911 1597 3968 16.
1639 3913 1802 3968 Oros.
1845 3911 1912 3978 V,
1954 3911 2037 3968 10.
2075 3945 2158 3958 ---Ᾰ
2185 3911 2434 3982 Velleius
2467 3911 2501 3969 l.
2542 3911 2606 3977 11,

388 4020 437 4062 e.
472 4004 547 4061 38
580 4005 771 4061 Asiam
807 4025 841 4062 a
876 4008 953 4064 Μ.
995 4005 1272 4080 Perperna
1306 4007 1636 4063 tributariam
1674 4009 1868 4064 mettim
1905 4025 2038 4065 esse
2072 4016 2269 4075 narrat,
2311 4007 2372 4064 in
2405 4025 2515 4081 quo
2553 4010 2608 4065 id

385 4102 726 4174 potissimum
776 4105 993 4161 videtur
1024 4106 1364 4178 respexisse,
1401 4106 1551 4179 quod
1588 4106 1679 4163 ille
1713 4107 1788 4162 ad-
1821 4103 2214 4164 eonflcieudum
2257 4105 2456 4163 bellum
2494 4108 2606 4181 plu-

384 4199 572 4254 rimum
610 4199 927 4259 contulerat.
2351 4209 2356 4222 '

527 4296 569 4363 ⁹)
608 4296 789 4353 Strab.
831 4296 982 4360 Xlll.
1020 4317 1072 4371 p.
1111 4300 1218 4357 624
1254 4306 1419 4356 extu:
1461 4305 1550 4367 „ol
1583 4303 1640 4356 δὲ
1675 4302 1983 4373 (Ῥωμαῖοι)
2016 4298 2275 4376 bruelh&
2325 4303 2608 4369 ὼῐὲδειξαν
