<?xml version="1.0" encoding="UTF-8"?>
<!DOCTYPE html PUBLIC "-//W3C//DTD XHTML 1.0 Transitional//EN"
    "http://www.w3.org/TR/xhtml1/DTD/xhtml1-transitional.dtd">
<html xmlns="http://www.w3.org/1999/xhtml" xml:lang="en" lang="en">
 <head>
  <title>
</title>
<meta http-equiv="Content-Type" content="text/html;charset=utf-8" />
  <meta name='ocr-system' content='tesseract 3.04.00' />
  <meta name='ocr-capabilities' content='ocr_page ocr_carea ocr_par ocr_line ocrx_word'/>
</head>
<body>
  <div class='ocr_page' id='page_1' title='image "./deasiaromanorum00berggoog_0027.png"; bbox 0 0 3072 4834; ppageno 0'>
   <div class='ocr_carea' id='block_1_1' title="bbox 415 290 2655 3311">
    <p class='ocr_par' dir='ltr' id='par_1_1' title="bbox 415 290 2655 3311">
     <span class='ocr_line' id='line_1_1' title="bbox 1469 290 1561 362; baseline 0.011 -1"><span class='ocrx_word' id='word_1_1' title='bbox 1469 290 1561 362; x_wconf 59' lang='grc' dir='ltr'>Ἡ</span> 
     </span>
     <span class='ocr_line' id='line_1_2' title="bbox 415 452 2627 543; baseline -0.002 -15"><span class='ocrx_word' id='word_1_2' title='bbox 415 464 601 529; x_wconf 70' lang='lat' dir='ltr'>totns</span> <span class='ocrx_word' id='word_1_3' title='bbox 644 460 979 526; x_wconf 84' lang='lat' dir='ltr'>exercitus</span> <span class='ocrx_word' id='word_1_4' title='bbox 1022 454 1089 523; x_wconf 83' lang='lat' dir='ltr'>in</span> <span class='ocrx_word' id='word_1_5' title='bbox 1132 457 1275 524; x_wconf 87' lang='lat' dir='ltr'>suis</span> <span class='ocrx_word' id='word_1_6' title='bbox 1318 452 1620 543; x_wconf 81' lang='lat' dir='ltr'>partibus</span> <span class='ocrx_word' id='word_1_7' title='bbox 1649 460 1854 537; x_wconf 83' lang='lat' dir='ltr'>esset,</span> <span class='ocrx_word' id='word_1_8' title='bbox 1902 460 2178 522; x_wconf 83' lang='lat' dir='ltr'>senatus</span> <span class='ocrx_word' id='word_1_9' title='bbox 2208 461 2426 522; x_wconf 85' lang='lat' dir='ltr'>autem</span> <span class='ocrx_word' id='word_1_10' title='bbox 2455 457 2627 523; x_wconf 86' lang='lat' dir='ltr'>iner-</span> 
     </span>
     <span class='ocr_line' id='line_1_3' title="bbox 416 565 2631 659; baseline -0.002 -17"><span class='ocrx_word' id='word_1_11' title='bbox 416 577 545 642; x_wconf 89' lang='lat' dir='ltr'>mis</span> <span class='ocrx_word' id='word_1_12' title='bbox 605 565 1021 659; x_wconf 73' lang='lat' dir='ltr'><strong>imbellisque</strong></span> <span class='ocrx_word' id='word_1_13' title='bbox 1084 571 1305 655; x_wconf 77' lang='lat' dir='ltr'>fieret,</span> <span class='ocrx_word' id='word_1_14' title='bbox 1379 572 1755 658; x_wconf 83' lang='lat' dir='ltr'>provincias</span> <span class='ocrx_word' id='word_1_15' title='bbox 1807 568 2325 637; x_wconf 77' lang='lat' dir='ltr'>turbulentiores</span> <span class='ocrx_word' id='word_1_16' title='bbox 2398 578 2631 658; x_wconf 81' lang='lat' dir='ltr'>utpote</span> 
     </span>
     <span class='ocr_line' id='line_1_4' title="bbox 417 684 2630 778; baseline -0.001 -22"><span class='ocrx_word' id='word_1_17' title='bbox 417 688 767 778; x_wconf 71' lang='lat' dir='ltr'>praesidiis</span> <span class='ocrx_word' id='word_1_18' title='bbox 808 687 1161 754; x_wconf 82' lang='lat' dir='ltr'>firmandas</span> <span class='ocrx_word' id='word_1_19' title='bbox 1207 687 1335 754; x_wconf 84' lang='lat' dir='ltr'>sibi</span> <span class='ocrx_word' id='word_1_20' title='bbox 1375 690 1687 768; x_wconf 87' lang='lat' dir='ltr'>sumeret,</span> <span class='ocrx_word' id='word_1_21' title='bbox 1732 684 2105 772; x_wconf 81' lang='lat' dir='ltr'>pacatiores</span> <span class='ocrx_word' id='word_1_22' title='bbox 2135 692 2351 752; x_wconf 87' lang='lat' dir='ltr'>autem</span> <span class='ocrx_word' id='word_1_23' title='bbox 2382 689 2630 774; x_wconf 81' lang='lat' dir='ltr'>quippe</span> 
     </span>
     <span class='ocr_line' id='line_1_5' title="bbox 418 798 2630 892; baseline 0 -22"><span class='ocrx_word' id='word_1_24' title='bbox 418 822 592 892; x_wconf 87' lang='lat' dir='ltr'>quae</span> <span class='ocrx_word' id='word_1_25' title='bbox 637 806 782 872; x_wconf 86' lang='lat' dir='ltr'>sine</span> <span class='ocrx_word' id='word_1_26' title='bbox 826 798 1260 869; x_wconf 71' lang='lat' dir='ltr'>armis-facile</span> <span class='ocrx_word' id='word_1_27' title='bbox 1291 798 1570 868; x_wconf 74' lang='lat' dir='ltr'>obtineri</span> <span class='ocrx_word' id='word_1_28' title='bbox 1599 806 1904 887; x_wconf 79' lang='lat' dir='ltr'><strong>possent,</strong></span> <span class='ocrx_word' id='word_1_29' title='bbox 1949 801 2630 889; x_wconf 72' lang='lat' dir='ltr'>senatui‘populoque</span> 
     </span>
     <span class='ocr_line' id='line_1_6' title="bbox 420 916 2633 1005; baseline -0.001 -20"><span class='ocrx_word' id='word_1_30' title='bbox 420 922 823 1005; x_wconf 78' lang='lat' dir='ltr'>assignaret,</span> <span class='ocrx_word' id='word_1_31' title='bbox 878 920 1112 987; x_wconf 81' lang='lat' dir='ltr'>Asiam</span> <span class='ocrx_word' id='word_1_32' title='bbox 1166 919 1235 983; x_wconf 89' lang='lat' dir='ltr'>in</span> <span class='ocrx_word' id='word_1_33' title='bbox 1276 916 1401 983; x_wconf 87' lang='lat' dir='ltr'>has</span> <span class='ocrx_word' id='word_1_34' title='bbox 1443 917 1666 1002; x_wconf 87' lang='lat' dir='ltr'>ipsas,</span> <span class='ocrx_word' id='word_1_35' title='bbox 1726 934 1897 1004; x_wconf 87' lang='lat' dir='ltr'>quae</span> <span class='ocrx_word' id='word_1_36' title='bbox 1951 920 2225 984; x_wconf 78' lang='lat' dir='ltr'>senatus</span> <span class='ocrx_word' id='word_1_37' title='bbox 2273 917 2633 1004; x_wconf 76' lang='lat' dir='ltr'>populique</span> 
     </span>
     <span class='ocr_line' id='line_1_7' title="bbox 418 1030 2633 1123; baseline -0.001 -22"><span class='ocrx_word' id='word_1_38' title='bbox 418 1035 800 1123; x_wconf 81' lang='lat' dir='ltr'>provinciae</span> <span class='ocrx_word' id='word_1_39' title='bbox 843 1032 1215 1120; x_wconf 80' lang='lat' dir='ltr'>appellatae</span> <span class='ocrx_word' id='word_1_40' title='bbox 1256 1037 1446 1116; x_wconf 87' lang='lat' dir='ltr'>sunt,</span> <span class='ocrx_word' id='word_1_41' title='bbox 1502 1030 1726 1098; x_wconf 88' lang='lat' dir='ltr'>retulit</span> <span class='ocrx_word' id='word_1_42' title='bbox 1777 1038 1979 1119; x_wconf 81' lang='lat' dir='ltr'>atque</span> <span class='ocrx_word' id='word_1_43' title='bbox 2032 1035 2108 1098; x_wconf 92' lang='lat' dir='ltr'>ut</span> <span class='ocrx_word' id='word_1_44' title='bbox 2143 1033 2390 1117; x_wconf 84' lang='lat' dir='ltr'>pariter</span> <span class='ocrx_word' id='word_1_45' title='bbox 2431 1037 2633 1119; x_wconf 71' lang='lat' dir='ltr'>atque</span> 
     </span>
     <span class='ocr_line' id='line_1_8' title="bbox 421 1146 2632 1236; baseline -0.002 -18"><span class='ocrx_word' id='word_1_46' title='bbox 421 1151 653 1219; x_wconf 81' lang='lat' dir='ltr'>Africa</span> <span class='ocrx_word' id='word_1_47' title='bbox 697 1170 738 1215; x_wconf 90' lang='lat' dir='ltr'>a</span> <span class='ocrx_word' id='word_1_48' title='bbox 780 1146 1233 1216; x_wconf 84' lang='lat' dir='ltr'>consularibus</span> <span class='ocrx_word' id='word_1_49' title='bbox 1276 1149 1392 1236; x_wconf 81' lang='lat' dir='ltr'>qui</span> <span class='ocrx_word' id='word_1_50' title='bbox 1436 1147 1756 1234; x_wconf 76' lang='lat' dir='ltr'>deinceps</span> <span class='ocrx_word' id='word_1_51' title='bbox 1811 1147 1895 1214; x_wconf 90' lang='lat' dir='ltr'>de</span> <span class='ocrx_word' id='word_1_52' title='bbox 1948 1148 2032 1214; x_wconf 86' lang='lat' dir='ltr'>iis</span> <span class='ocrx_word' id='word_1_53' title='bbox 2088 1147 2474 1214; x_wconf 86' lang='lat' dir='ltr'>sortirentur</span> <span class='ocrx_word' id='word_1_54' title='bbox 2515 1166 2632 1213; x_wconf 85' lang='lat' dir='ltr'>an·</span> 
     </span>
     <span class='ocr_line' id='line_1_9' title="bbox 423 1263 2631 1351; baseline -0 -21"><span class='ocrx_word' id='word_1_55' title='bbox 423 1280 754 1351; x_wconf 73' lang='lat' dir='ltr'>auumque</span> <span class='ocrx_word' id='word_1_56' title='bbox 798 1270 1100 1350; x_wconf 79' lang='lat' dir='ltr'>gererent</span> <span class='ocrx_word' id='word_1_57' title='bbox 1140 1265 1593 1350; x_wconf 76' lang='lat' dir='ltr'>magistratum</span> <span class='ocrx_word' id='word_1_58' title='bbox 1607 1309 1627 1346; x_wconf 91' lang='lat'>,</span> <span class='ocrx_word' id='word_1_59' title='bbox 1673 1263 2229 1328; x_wconf 77' lang='lat' dir='ltr'>administraretur</span> <span class='ocrx_word' id='word_1_60' title='bbox 2273 1263 2631 1329; x_wconf 79' lang='lat' dir='ltr'>constituit.</span> 
     </span>
     <span class='ocr_line' id='line_1_10' title="bbox 423 1364 2636 1470; baseline -0.001 -23"><span class='ocrx_word' id='word_1_61' title='bbox 423 1379 785 1466; x_wconf 81' lang='lat' dir='ltr'>Utramque</span> <span class='ocrx_word' id='word_1_62' title='bbox 826 1380 1022 1465; x_wconf 83' lang='lat' dir='ltr'>igitur</span> <span class='ocrx_word' id='word_1_63' title='bbox 1062 1378 1300 1445; x_wconf 85' lang='lat' dir='ltr'>exinde</span> <span class='ocrx_word' id='word_1_64' title='bbox 1341 1379 1588 1470; x_wconf 86' lang='lat' dir='ltr'>proprii</span> <span class='ocrx_word' id='word_1_65' title='bbox 1629 1376 2061 1463; x_wconf 82' lang='lat' dir='ltr'>proconsules</span> <span class='ocrx_word' id='word_1_66' title='bbox 2090 1377 2425 1462; x_wconf 86' lang='lat' dir='ltr'>regebant,</span> <span class='ocrx_word' id='word_1_67' title='bbox 2472 1364 2636 1444; x_wconf 57' lang='lat' dir='ltr'>duoss</span> 
     </span>
     <span class='ocr_line' id='line_1_11' title="bbox 424 1491 2635 1579; baseline -0.002 -17"><span class='ocrx_word' id='word_1_68' title='bbox 424 1494 640 1562; x_wconf 84' lang='lat' dir='ltr'>decim</span> <span class='ocrx_word' id='word_1_69' title='bbox 682 1493 978 1561; x_wconf 80' lang='lat' dir='ltr'>fascibus</span> <span class='ocrx_word' id='word_1_70' title='bbox 1019 1493 1344 1579; x_wconf 81' lang='lat' dir='ltr'>insignes3</span> <span class='ocrx_word' id='word_1_71' title='bbox 1391 1498 1619 1559; x_wconf 88' lang='lat' dir='ltr'>contra</span> <span class='ocrx_word' id='word_1_72' title='bbox 1663 1492 1893 1560; x_wconf 90' lang='lat' dir='ltr'>decem</span> <span class='ocrx_word' id='word_1_73' title='bbox 1937 1491 2326 1579; x_wconf 89' lang='lat' dir='ltr'>reliquarum</span> <span class='ocrx_word' id='word_1_74' title='bbox 2370 1494 2635 1578; x_wconf 88' lang='lat' dir='ltr'>provin</span> 
     </span>
     <span class='ocr_line' id='line_1_12' title="bbox 424 1605 2641 1707; baseline -0.002 -29"><span class='ocrx_word' id='word_1_75' title='bbox 424 1612 670 1678; x_wconf 82' lang='lat' dir='ltr'>ciarum</span> <span class='ocrx_word' id='word_1_76' title='bbox 711 1608 1058 1698; x_wconf 86' lang='lat' dir='ltr'>praesides</span> <span class='ocrx_word' id='word_1_77' title='bbox 1103 1609 1217 1696; x_wconf 89' lang='lat' dir='ltr'>qui</span> <span class='ocrx_word' id='word_1_78' title='bbox 1260 1628 1299 1674; x_wconf 92' lang='lat' dir='ltr'>e</span> <span class='ocrx_word' id='word_1_79' title='bbox 1342 1609 1687 1707; x_wconf 86' lang='lat' dir='ltr'>praetoriis</span> <span class='ocrx_word' id='word_1_80' title='bbox 1730 1609 1888 1675; x_wconf 88' lang='lat' dir='ltr'>viris</span> <span class='ocrx_word' id='word_1_81' title='bbox 1934 1611 2112 1674; x_wconf 88' lang='lat' dir='ltr'>sorte</span> <span class='ocrx_word' id='word_1_82' title='bbox 2140 1605 2525 1694; x_wconf 84' lang='lat' dir='ltr'>legebantur</span> <span class='ocrx_word' id='word_1_83' title='bbox 2568 1610 2641 1674; x_wconf 92' lang='lat' dir='ltr'>et</span> 
     </span>
     <span class='ocr_line' id='line_1_13' title="bbox 428 1722 2635 1810; baseline -0.001 -18"><span class='ocrx_word' id='word_1_84' title='bbox 428 1746 556 1794; x_wconf 85' lang='lat' dir='ltr'>sex</span> <span class='ocrx_word' id='word_1_85' title='bbox 609 1726 836 1792; x_wconf 83' lang='lat' dir='ltr'>fasces</span> <span class='ocrx_word' id='word_1_86' title='bbox 889 1722 1258 1805; x_wconf 86' lang='lat' dir='ltr'>habebant,</span> <span class='ocrx_word' id='word_1_87' title='bbox 1324 1723 1791 1810; x_wconf 88' lang='lat' dir='ltr'>proconsulum</span> <span class='ocrx_word' id='word_1_88' title='bbox 1856 1740 2094 1789; x_wconf 89' lang='lat' dir='ltr'>nomen</span> <span class='ocrx_word' id='word_1_89' title='bbox 2159 1729 2409 1789; x_wconf 88' lang='lat' dir='ltr'>tantum</span> <span class='ocrx_word' id='word_1_90' title='bbox 2463 1723 2635 1789; x_wconf 85' lang='lat' dir='ltr'>fere</span> 
     </span>
     <span class='ocr_line' id='line_1_14' title="bbox 428 1835 2639 1924; baseline -0.001 -17"><span class='ocrx_word' id='word_1_91' title='bbox 428 1839 591 1907; x_wconf 80' lang='lat' dir='ltr'>bant</span> <span class='ocrx_word' id='word_1_92' title='bbox 613 1845 682 1921; x_wconf 87' lang='lat'>¹.)</span> <span class='ocrx_word' id='word_1_93' title='bbox 770 1839 1104 1907; x_wconf 84' lang='lat' dir='ltr'>Interdum</span> <span class='ocrx_word' id='word_1_94' title='bbox 1148 1844 1366 1905; x_wconf 86' lang='lat' dir='ltr'>antem</span> <span class='ocrx_word' id='word_1_95' title='bbox 1411 1835 1662 1904; x_wconf 83' lang='lat' dir='ltr'>Caesar</span> <span class='ocrx_word' id='word_1_96' title='bbox 1701 1844 2163 1924; x_wconf 83' lang='lat' dir='ltr'>propraetores</span> <span class='ocrx_word' id='word_1_97' title='bbox 2219 1837 2327 1906; x_wconf 86' lang='lat' dir='ltr'>vel</span> <span class='ocrx_word' id='word_1_98' title='bbox 2381 1836 2639 1924; x_wconf 83' lang='lat' dir='ltr'>legatos</span> 
     </span>
     <span class='ocr_line' id='line_1_15' title="bbox 427 1952 2641 2042; baseline 0 -24"><span class='ocrx_word' id='word_1_99' title='bbox 427 1959 875 2040; x_wconf 81' lang='lat' dir='ltr'>propraetore,</span> <span class='ocrx_word' id='word_1_100' title='bbox 923 1956 1035 2041; x_wconf 86' lang='lat' dir='ltr'>qui</span> <span class='ocrx_word' id='word_1_101' title='bbox 1079 1955 1383 2042; x_wconf 88' lang='lat' dir='ltr'>quoniam</span> <span class='ocrx_word' id='word_1_102' title='bbox 1427 1953 1512 2019; x_wconf 88' lang='lat' dir='ltr'>ab</span> <span class='ocrx_word' id='word_1_103' title='bbox 1560 1975 1638 2020; x_wconf 91' lang='lat' dir='ltr'>eo</span> <span class='ocrx_word' id='word_1_104' title='bbox 1670 1952 2179 2039; x_wconf 83' lang='lat' dir='ltr'>designabantur</span> <span class='ocrx_word' id='word_1_105' title='bbox 2221 1974 2302 2019; x_wconf 88' lang='lat' dir='ltr'>ac</span> <span class='ocrx_word' id='word_1_106' title='bbox 2348 1959 2641 2020; x_wconf 83' lang='lat' dir='ltr'>ceterum</span> 
     </span>
     <span class='ocr_line' id='line_1_16' title="bbox 431 2066 2639 2159; baseline -0.001 -23"><span class='ocrx_word' id='word_1_107' title='bbox 431 2066 557 2136; x_wconf 89' lang='lat' dir='ltr'>soli</span> <span class='ocrx_word' id='word_1_108' title='bbox 587 2073 732 2159; x_wconf 88' lang='lat' dir='ltr'>ejus</span> <span class='ocrx_word' id='word_1_109' title='bbox 762 2069 1118 2155; x_wconf 87' lang='lat' dir='ltr'>provinciis</span> <span class='ocrx_word' id='word_1_110' title='bbox 1147 2072 1516 2156; x_wconf 86' lang='lat' dir='ltr'>praeerant,</span> <span class='ocrx_word' id='word_1_111' title='bbox 1548 2066 1806 2153; x_wconf 85' lang='lat' dir='ltr'>legati</span> <span class='ocrx_word' id='word_1_112' title='bbox 1835 2068 2203 2154; x_wconf 85' lang='lat' dir='ltr'>Augusti</span> <span class='ocrx_word' id='word_1_113' title='bbox 2231 2088 2375 2155; x_wconf 89' lang='lat' dir='ltr'>pro</span> <span class='ocrx_word' id='word_1_114' title='bbox 2405 2087 2639 2154; x_wconf 86' lang='lat' dir='ltr'>prae·-</span> 
     </span>
     <span class='ocr_line' id='line_1_17' title="bbox 422 2181 2641 2273; baseline -0.001 -21"><span class='ocrx_word' id='word_1_115' title='bbox 422 2189 608 2252; x_wconf 82' lang='lat' dir='ltr'>tore</span> <span class='ocrx_word' id='word_1_116' title='bbox 633 2184 776 2251; x_wconf 80' lang='lat' dir='ltr'>sive</span> <span class='ocrx_word' id='word_1_117' title='bbox 800 2183 1056 2270; x_wconf 85' lang='lat' dir='ltr'>legati</span> <span class='ocrx_word' id='word_1_118' title='bbox 1083 2186 1463 2270; x_wconf 84' lang='lat' dir='ltr'>Augusti,</span> <span class='ocrx_word' id='word_1_119' title='bbox 1494 2182 1749 2269; x_wconf 85' lang='lat' dir='ltr'>legati</span> <span class='ocrx_word' id='word_1_120' title='bbox 1779 2181 2181 2265; x_wconf 78' lang='lat' dir='ltr'>Caesaris,</span> <span class='ocrx_word' id='word_1_121' title='bbox 2212 2182 2465 2268; x_wconf 82' lang='lat' dir='ltr'>legati</span> <span class='ocrx_word' id='word_1_122' title='bbox 2488 2182 2641 2273; x_wconf 69' lang='lat' dir='ltr'>Im·</span> 
     </span>
     <span class='ocr_line' id='line_1_18' title="bbox 425 2296 2642 2386; baseline 0 -21"><span class='ocrx_word' id='word_1_123' title='bbox 425 2320 475 2386; x_wconf 90' lang='lat' dir='ltr'>p</span> <span class='ocrx_word' id='word_1_124' title='bbox 492 2301 786 2365; x_wconf 88' lang='lat' dir='ltr'>eratori</span> <span class='ocrx_word' id='word_1_125' title='bbox 800 2322 835 2366; x_wconf 92' lang='lat' dir='ltr'>s</span> <span class='ocrx_word' id='word_1_126' title='bbox 859 2297 1245 2365; x_wconf 85' lang='lat' dir='ltr'>dicebantur</span> <span class='ocrx_word' id='word_1_127' title='bbox 1269 2306 1336 2366; x_wconf 90' lang='lat' dir='ltr'>et</span> <span class='ocrx_word' id='word_1_128' title='bbox 1355 2299 1579 2386; x_wconf 89' lang='lat' dir='ltr'>plures</span> <span class='ocrx_word' id='word_1_129' title='bbox 1601 2296 1986 2385; x_wconf 89' lang='lat' dir='ltr'>plerumque</span> <span class='ocrx_word' id='word_1_130' title='bbox 2004 2318 2352 2384; x_wconf 87' lang='lat' dir='ltr'>perannos</span> <span class='ocrx_word' id='word_1_131' title='bbox 2373 2316 2642 2365; x_wconf 80' lang='lat' dir='ltr'>munere</span> 
     </span>
     <span class='ocr_line' id='line_1_19' title="bbox 429 2410 2646 2503; baseline 0 -24"><span class='ocrx_word' id='word_1_132' title='bbox 429 2410 962 2498; x_wconf 78' lang='lat' dir='ltr'>fimgebantur&#39;),</span> <span class='ocrx_word' id='word_1_133' title='bbox 997 2415 1204 2481; x_wconf 88' lang='lat' dir='ltr'>Asiae</span> <span class='ocrx_word' id='word_1_134' title='bbox 1233 2435 1363 2481; x_wconf 91' lang='lat' dir='ltr'>non</span> <span class='ocrx_word' id='word_1_135' title='bbox 1393 2437 1598 2483; x_wconf 87' lang='lat' dir='ltr'>secus</span> <span class='ocrx_word' id='word_1_136' title='bbox 1627 2419 1829 2503; x_wconf 89' lang='lat' dir='ltr'>atque</span> <span class='ocrx_word' id='word_1_137' title='bbox 1858 2412 2003 2480; x_wconf 87' lang='lat' dir='ltr'>aliis</span> <span class='ocrx_word' id='word_1_138' title='bbox 2032 2412 2259 2500; x_wconf 87' lang='lat' dir='ltr'>populi</span> <span class='ocrx_word' id='word_1_139' title='bbox 2285 2413 2646 2500; x_wconf 75' lang='lat' dir='ltr'>provinciis</span> 
     </span>
     <span class='ocr_line' id='line_1_20' title="bbox 430 2528 2646 2617; baseline 0.001 -24"><span class='ocrx_word' id='word_1_140' title='bbox 430 2529 756 2616; x_wconf 83' lang='lat' dir='ltr'>praefecit</span> <span class='ocrx_word' id='word_1_141' title='bbox 772 2528 846 2609; x_wconf 82' lang='lat'>⁸).</span> <span class='ocrx_word' id='word_1_142' title='bbox 937 2528 1133 2611; x_wconf 81' lang='lat' dir='ltr'>Quod</span> <span class='ocrx_word' id='word_1_143' title='bbox 1172 2530 1511 2615; x_wconf 81' lang='lat' dir='ltr'>imprimis,</span> <span class='ocrx_word' id='word_1_144' title='bbox 1559 2552 1759 2617; x_wconf 90' lang='lat' dir='ltr'>quum</span> <span class='ocrx_word' id='word_1_145' title='bbox 1807 2551 1885 2598; x_wconf 89' lang='lat' dir='ltr'>ea</span> <span class='ocrx_word' id='word_1_146' title='bbox 1928 2537 2143 2597; x_wconf 89' lang='lat' dir='ltr'>terrae</span> <span class='ocrx_word' id='word_1_147' title='bbox 2172 2535 2354 2596; x_wconf 89' lang='lat' dir='ltr'>motu</span> <span class='ocrx_word' id='word_1_148' title='bbox 2381 2534 2646 2596; x_wconf 74' lang='lat' dir='ltr'>vastata</span> 
     </span>
     <span class='ocr_line' id='line_1_21' title="bbox 432 2642 2646 2733; baseline 0 -23"><span class='ocrx_word' id='word_1_149' title='bbox 432 2642 543 2710; x_wconf 82' lang='lat' dir='ltr'>vel</span> <span class='ocrx_word' id='word_1_150' title='bbox 586 2642 711 2709; x_wconf 91' lang='lat' dir='ltr'>alia</span> <span class='ocrx_word' id='word_1_151' title='bbox 755 2642 1124 2710; x_wconf 83' lang='lat' dir='ltr'>calamitate</span> <span class='ocrx_word' id='word_1_152' title='bbox 1166 2644 1434 2727; x_wconf 88' lang='lat' dir='ltr'>afflicta,</span> <span class='ocrx_word' id='word_1_153' title='bbox 1480 2651 1556 2710; x_wconf 88' lang='lat' dir='ltr'>ut</span> <span class='ocrx_word' id='word_1_154' title='bbox 1597 2647 1838 2712; x_wconf 88' lang='lat' dir='ltr'>amissa</span> <span class='ocrx_word' id='word_1_155' title='bbox 1885 2651 2326 2733; x_wconf 88' lang='lat' dir='ltr'>recuperaret,</span> <span class='ocrx_word' id='word_1_156' title='bbox 2372 2646 2646 2732; x_wconf 86' lang='lat' dir='ltr'>imperio</span> 
     </span>
     <span class='ocr_line' id='line_1_22' title="bbox 431 2756 2649 2844; baseline 0 -18"><span class='ocrx_word' id='word_1_157' title='bbox 431 2756 630 2826; x_wconf 79' lang='lat' dir='ltr'>facile</span> <span class='ocrx_word' id='word_1_158' title='bbox 671 2757 940 2826; x_wconf 83' lang='lat' dir='ltr'>ferendo</span> <span class='ocrx_word' id='word_1_159' title='bbox 984 2758 1342 2844; x_wconf 87' lang='lat' dir='ltr'>indigeret,</span> <span class='ocrx_word' id='word_1_160' title='bbox 1397 2761 1645 2825; x_wconf 81' lang='lat' dir='ltr'>factu&#39;m</span> <span class='ocrx_word' id='word_1_161' title='bbox 1699 2759 1976 2831; x_wconf 89' lang='lat' dir='ltr'>videtur.</span> <span class='ocrx_word' id='word_1_162' title='bbox 2063 2758 2418 2828; x_wconf 85' lang='lat' dir='ltr'>Molestius</span> <span class='ocrx_word' id='word_1_163' title='bbox 2475 2762 2649 2827; x_wconf 88' lang='lat' dir='ltr'>enim</span> 
     </span>
     <span class='ocr_line' id='line_1_23' title="bbox 435 2871 2648 2963; baseline 0 -20"><span class='ocrx_word' id='word_1_164' title='bbox 435 2876 695 2943; x_wconf 89' lang='lat' dir='ltr'>omnino</span> <span class='ocrx_word' id='word_1_165' title='bbox 742 2896 938 2961; x_wconf 81' lang='lat' dir='ltr'>quam</span> <span class='ocrx_word' id='word_1_166' title='bbox 980 2873 1344 2959; x_wconf 83' lang='lat' dir='ltr'>legatorum</span> <span class='ocrx_word' id='word_1_167' title='bbox 1390 2871 1699 2941; x_wconf 85' lang='lat' dir='ltr'>Caesaris</span> <span class='ocrx_word' id='word_1_168' title='bbox 1743 2875 2211 2962; x_wconf 88' lang='lat' dir='ltr'>proconsulum</span> <span class='ocrx_word' id='word_1_169' title='bbox 2256 2881 2398 2942; x_wconf 89' lang='lat' dir='ltr'>erat</span> <span class='ocrx_word' id='word_1_170' title='bbox 2419 2878 2648 2963; x_wconf 68' lang='lat' dir='ltr'>’impe-²</span> 
     </span>
     <span class='ocr_line' id='line_1_24' title="bbox 434 2976 2649 3082; baseline 0 -24"><span class='ocrx_word' id='word_1_171' title='bbox 434 2992 633 3073; x_wconf 87' lang='lat' dir='ltr'>rium,</span> <span class='ocrx_word' id='word_1_172' title='bbox 692 2985 939 3078; x_wconf 86' lang='lat' dir='ltr'>quippe</span> <span class='ocrx_word' id='word_1_173' title='bbox 997 2991 1112 3076; x_wconf 90' lang='lat' dir='ltr'>qui</span> <span class='ocrx_word' id='word_1_174' title='bbox 1165 2987 1544 3075; x_wconf 87' lang='lat' dir='ltr'>ampliorem</span> <span class='ocrx_word' id='word_1_175' title='bbox 1600 2976 1979 3075; x_wconf 82' lang='lat' dir='ltr'>dignitatem</span> <span class='ocrx_word' id='word_1_176' title='bbox 2010 2993 2488 3082; x_wconf 77' lang='lat' dir='ltr'>majoremun</span> <span class='ocrx_word' id='word_1_177' title='bbox 2534 3013 2649 3058; x_wconf 88' lang='lat' dir='ltr'>co-</span> 
     </span>
     <span class='ocr_line' id='line_1_25' title="bbox 433 3095 2654 3194; baseline 0 -22"><span class='ocrx_word' id='word_1_178' title='bbox 433 3099 692 3174; x_wconf 85' lang='lat' dir='ltr'>hortem</span> <span class='ocrx_word' id='word_1_179' title='bbox 735 3104 1084 3188; x_wconf 86' lang='lat' dir='ltr'>habentes,</span> <span class='ocrx_word' id='word_1_180' title='bbox 1128 3095 1418 3194; x_wconf 88' lang='lat' dir='ltr'>majores</span> <span class='ocrx_word' id='word_1_181' title='bbox 1462 3102 1972 3190; x_wconf 84' lang='lat' dir='ltr'>provincialibus</span> <span class='ocrx_word' id='word_1_182' title='bbox 2003 3114 2314 3192; x_wconf 83' lang='lat' dir='ltr'>sumptus</span> <span class='ocrx_word' id='word_1_183' title='bbox 2356 3109 2654 3188; x_wconf 71' lang='lat' dir='ltr'>facerent</span> 
     </span>
     <span class='ocr_line' id='line_1_26' title="bbox 435 3219 2655 3311; baseline 0.001 -24"><span class='ocrx_word' id='word_1_184' title='bbox 435 3241 519 3288; x_wconf 89' lang='lat' dir='ltr'>ac</span> <span class='ocrx_word' id='word_1_185' title='bbox 570 3244 753 3289; x_wconf 89' lang='lat' dir='ltr'>mero</span> <span class='ocrx_word' id='word_1_186' title='bbox 800 3225 941 3311; x_wconf 87' lang='lat' dir='ltr'>jam</span> <span class='ocrx_word' id='word_1_187' title='bbox 996 3220 1283 3287; x_wconf 85' lang='lat' dir='ltr'>adventu</span> <span class='ocrx_word' id='word_1_188' title='bbox 1338 3240 1566 3285; x_wconf 90' lang='lat' dir='ltr'>eorum</span> <span class='ocrx_word' id='word_1_189' title='bbox 1629 3241 1800 3306; x_wconf 91' lang='lat' dir='ltr'>opes</span> <span class='ocrx_word' id='word_1_190' title='bbox 1855 3219 2272 3288; x_wconf 83' lang='lat' dir='ltr'>debilitarent</span> <span class='ocrx_word' id='word_1_191' title='bbox 2290 3225 2366 3302; x_wconf 87' lang='lat'>⁴).</span> <span class='ocrx_word' id='word_1_192' title='bbox 2469 3220 2655 3303; x_wconf 78' lang='lat' dir='ltr'>Quae</span> 
     </span>
    </p>
   </div>
   <div class='ocr_carea' id='block_1_2' title="bbox 426 3332 2653 3546">
    <p class='ocr_par' dir='ltr' id='par_1_2' title="bbox 426 3332 2653 3546">
     <span class='ocr_line' id='line_1_27' title="bbox 426 3332 2653 3428; baseline 0.002 -26"><span class='ocrx_word' id='word_1_193' title='bbox 426 3335 1085 3423; x_wconf 78' lang='lat' dir='ltr'>quidemimpensae</span> <span class='ocrx_word' id='word_1_194' title='bbox 1131 3354 1211 3401; x_wconf 90' lang='lat' dir='ltr'>eo</span> <span class='ocrx_word' id='word_1_195' title='bbox 1255 3336 1467 3422; x_wconf 86' lang='lat' dir='ltr'>magis</span> <span class='ocrx_word' id='word_1_196' title='bbox 1509 3332 1928 3422; x_wconf 85' lang='lat' dir='ltr'>premebant,</span> <span class='ocrx_word' id='word_1_197' title='bbox 1990 3355 2123 3423; x_wconf 89' lang='lat' dir='ltr'>qno</span> <span class='ocrx_word' id='word_1_198' title='bbox 2179 3338 2480 3423; x_wconf 86' lang='lat' dir='ltr'>graviora</span> <span class='ocrx_word' id='word_1_199' title='bbox 2534 3360 2653 3428; x_wconf 85' lang='lat' dir='ltr'>ve-</span> 
     </span>
     <span class='ocr_line' id='line_1_28' title="bbox 434 3448 1253 3546; baseline -0.002 -27"><span class='ocrx_word' id='word_1_200' title='bbox 434 3448 700 3539; x_wconf 81' lang='lat' dir='ltr'>ctigalia</span> <span class='ocrx_word' id='word_1_201' title='bbox 738 3448 1253 3546; x_wconf 79' lang='lat' dir='ltr'>pensitabantur.</span> 
     </span>
    </p>
   </div>
   <div class='ocr_carea' id='block_1_3' title="bbox 437 3580 851 3588">
    <p class='ocr_par' dir='ltr' id='par_1_3' title="bbox 437 3580 851 3588">
     <span class='ocr_line' id='line_1_29' title="bbox 437 3580 851 3588; baseline 0 1246"><span class='ocrx_word' id='word_1_202' title='bbox 437 3580 851 3588; x_wconf 95' lang='lat' dir='ltr'> </span> 
     </span>
    </p>
   </div>
   <div class='ocr_carea' id='block_1_4' title="bbox 436 3627 2657 4386">
    <p class='ocr_par' dir='ltr' id='par_1_4' title="bbox 436 3627 2656 3898">
     <span class='ocr_line' id='line_1_30' title="bbox 436 3627 2656 3704; baseline 0.001 -21"><span class='ocrx_word' id='word_1_203' title='bbox 436 3645 490 3686; x_wconf 87' lang='lat' dir='ltr'>a.</span> <span class='ocrx_word' id='word_1_204' title='bbox 523 3646 576 3687; x_wconf 85' lang='grc' dir='ltr'>ιι.</span> <span class='ocrx_word' id='word_1_205' title='bbox 615 3644 666 3688; x_wconf 87' lang='lat' dir='ltr'>c.</span> <span class='ocrx_word' id='word_1_206' title='bbox 704 3630 778 3696; x_wconf 87' lang='lat' dir='ltr'>(v.</span> <span class='ocrx_word' id='word_1_207' title='bbox 815 3627 977 3685; x_wconf 85' lang='lat' dir='ltr'>Dion.</span> <span class='ocrx_word' id='word_1_208' title='bbox 1017 3627 1182 3685; x_wconf 70' lang='lat' dir='ltr'>Cass·</span> <span class='ocrx_word' id='word_1_209' title='bbox 1218 3628 1256 3685; x_wconf 93' lang='grc'><strong>1.</strong></span> <span class='ocrx_word' id='word_1_210' title='bbox 1294 3646 1342 3685; x_wconf 88' lang='lat' dir='ltr'>c.</span> <span class='ocrx_word' id='word_1_211' title='bbox 1382 3645 1433 3686; x_wconf 87' lang='lat' dir='ltr'>c.</span> <span class='ocrx_word' id='word_1_212' title='bbox 1459 3631 1664 3687; x_wconf 76' lang='lat'>39-41</span> <span class='ocrx_word' id='word_1_213' title='bbox 1717 3648 1773 3704; x_wconf 83' lang='lat' dir='ltr'>p.</span> <span class='ocrx_word' id='word_1_214' title='bbox 1811 3634 1914 3686; x_wconf 86' lang='grc'>565</span> <span class='ocrx_word' id='word_1_215' title='bbox 1963 3636 2101 3688; x_wconf 79' lang='lat' dir='ltr'>extr.</span> <span class='ocrx_word' id='word_1_216' title='bbox 2139 3647 2263 3703; x_wconf 87' lang='lat' dir='ltr'>sqq.</span> <span class='ocrx_word' id='word_1_217' title='bbox 2305 3631 2577 3704; x_wconf 79' lang='lat' dir='ltr'>Appiani.</span> <span class='ocrx_word' id='word_1_218' title='bbox 2606 3649 2656 3690; x_wconf 89' lang='lat' dir='ltr'>c.</span> 
     </span>
     <span class='ocr_line' id='line_1_31' title="bbox 438 3722 2657 3868; baseline 0 -85"><span class='ocrx_word' id='word_1_219' title='bbox 438 3726 509 3783; x_wconf 83' lang='grc'>55</span> <span class='ocrx_word' id='word_1_220' title='bbox 532 3724 671 3782; x_wconf 83' lang='lat' dir='ltr'>Plut.</span> <span class='ocrx_word' id='word_1_221' title='bbox 696 3726 898 3784; x_wconf 82' lang='lat' dir='ltr'>Anton.</span> <span class='ocrx_word' id='word_1_222' title='bbox 936 3727 1069 3793; x_wconf 82' lang='lat'><strong>33.‚)</strong></span> <span class='ocrx_word' id='word_1_223' title='bbox 1107 3722 1172 3783; x_wconf 86' lang='lat' dir='ltr'>C.</span> <span class='ocrx_word' id='word_1_224' title='bbox 1199 3726 1454 3782; x_wconf 83' lang='lat' dir='ltr'>Furnium</span> <span class='ocrx_word' id='word_1_225' title='bbox 1488 3744 1540 3784; x_wconf 90' lang='lat' dir='ltr'>a.</span> <span class='ocrx_word' id='word_1_226' title='bbox 1577 3745 1630 3786; x_wconf 86' lang='lat' dir='ltr'>u.</span> <span class='ocrx_word' id='word_1_227' title='bbox 1668 3745 1717 3783; x_wconf 86' lang='lat' dir='ltr'>c.</span> <span class='ocrx_word' id='word_1_228' title='bbox 1745 3733 1864 3787; x_wconf 83' lang='grc'><strong>718.</strong></span> <span class='ocrx_word' id='word_1_229' title='bbox 1903 3732 1978 3795; x_wconf 84' lang='grc' dir='ltr'><strong>(ν.</strong></span> <span class='ocrx_word' id='word_1_230' title='bbox 2005 3729 2238 3868; x_wconf 67' lang='lat' dir='ltr'>Appias.</span> <span class='ocrx_word' id='word_1_231' title='bbox 2264 3725 2300 3786; x_wconf 88' lang='grc' dir='ltr'><strong>Ι.</strong></span> <span class='ocrx_word' id='word_1_232' title='bbox 2329 3746 2377 3783; x_wconf 87' lang='lat' dir='ltr'>c.</span> <span class='ocrx_word' id='word_1_233' title='bbox 2408 3730 2508 3783; x_wconf 82' lang='grc'>137</span> <span class='ocrx_word' id='word_1_234' title='bbox 2533 3744 2657 3801; x_wconf 85' lang='lat' dir='ltr'>sqq.</span> 
     </span>
     <span class='ocr_line' id='line_1_32' title="bbox 440 3821 2372 3898; baseline -0.001 -17"><span class='ocrx_word' id='word_1_235' title='bbox 440 3839 525 3898; x_wconf 74' lang='lat' dir='ltr'>sq.</span> <span class='ocrx_word' id='word_1_236' title='bbox 562 3823 723 3881; x_wconf 85' lang='lat' dir='ltr'>Dion.</span> <span class='ocrx_word' id='word_1_237' title='bbox 765 3823 929 3881; x_wconf 60' lang='lat' dir='ltr'>Cass-</span> <span class='ocrx_word' id='word_1_238' title='bbox 966 3821 1166 3890; x_wconf 75' lang='lat' dir='ltr'>Xle,</span> <span class='ocrx_word' id='word_1_239' title='bbox 1206 3827 1271 3878; x_wconf 81' lang='lat'>17</span> <span class='ocrx_word' id='word_1_240' title='bbox 1307 3840 1396 3896; x_wconf 81' lang='lat' dir='ltr'>sq.</span> <span class='ocrx_word' id='word_1_241' title='bbox 1433 3841 1487 3896; x_wconf 85' lang='lat' dir='ltr'>p.</span> <span class='ocrx_word' id='word_1_242' title='bbox 1524 3829 1632 3880; x_wconf 79' lang='lat'>682</span> <span class='ocrx_word' id='word_1_243' title='bbox 1667 3828 1781 3897; x_wconf 81' lang='lat' dir='ltr'>sq.)</span> <span class='ocrx_word' id='word_1_244' title='bbox 2365 3861 2372 3868; x_wconf 38' lang='grc' dir='ltr'><strong>ι</strong></span> 
     </span>
    </p>

    <p class='ocr_par' dir='ltr' id='par_1_5' title="bbox 439 3920 2657 4077">
     <span class='ocr_line' id='line_1_33' title="bbox 583 3920 2657 4060; baseline -0 -80.991"><span class='ocrx_word' id='word_1_245' title='bbox 583 3920 627 3988; x_wconf 81' lang='lat'>¹)</span> <span class='ocrx_word' id='word_1_246' title='bbox 663 3920 1151 3995; x_wconf 74' lang='lat' dir='ltr'>Strab.xv1l,p.</span> <span class='ocrx_word' id='word_1_247' title='bbox 1199 3923 1306 3980; x_wconf 76' lang='lat'>840</span> <span class='ocrx_word' id='word_1_248' title='bbox 1351 3920 1482 3978; x_wconf 75' lang='lat' dir='ltr'>Cas.</span> <span class='ocrx_word' id='word_1_249' title='bbox 1558 3921 1667 3977; x_wconf 84' lang='lat' dir='ltr'>Dio</span> <span class='ocrx_word' id='word_1_250' title='bbox 1703 3922 1926 3979; x_wconf 61' lang='lat' dir='ltr'>Casffil.</span> <span class='ocrx_word' id='word_1_251' title='bbox 1952 3923 2078 3991; x_wconf 75' lang='lat' dir='ltr'>mn,</span> <span class='ocrx_word' id='word_1_252' title='bbox 2117 3929 2183 3980; x_wconf 83' lang='lat'>12</span> <span class='ocrx_word' id='word_1_253' title='bbox 2208 3941 2338 4060; x_wconf 79' lang='lat' dir='ltr'>sqq.</span> <span class='ocrx_word' id='word_1_254' title='bbox 2337 3935 2413 3995; x_wconf 70' lang='grc' dir='ltr'><strong>’.ρ</strong></span> <span class='ocrx_word' id='word_1_255' title='bbox 2443 3926 2546 3978; x_wconf 77' lang='grc'>703</span> <span class='ocrx_word' id='word_1_256' title='bbox 2567 3940 2657 3998; x_wconf 66' lang='grc' dir='ltr'>ες.</span> 
     </span>
     <span class='ocr_line' id='line_1_34' title="bbox 439 4017 1822 4078; baseline -0.001 -1"><span class='ocrx_word' id='word_1_257' title='bbox 439 4017 671 4077; x_wconf 64' lang='lat' dir='ltr'>samon.</span> <span class='ocrx_word' id='word_1_258' title='bbox 690 4020 897 4078; x_wconf 71' lang='lat' dir='ltr'>octav.</span> <span class='ocrx_word' id='word_1_259' title='bbox 942 4030 993 4076; x_wconf 82' lang='lat' dir='ltr'>c.</span> <span class='ocrx_word' id='word_1_260' title='bbox 1030 4023 1117 4075; x_wconf 73' lang='grc'><strong>47.</strong></span> <span class='ocrx_word' id='word_1_261' title='bbox 1176 4029 1183 4042; x_wconf 77' lang='grc'><strong>’</strong></span> <span class='ocrx_word' id='word_1_262' title='bbox 1510 4055 1515 4064; x_wconf 83' lang='lat'><em>-</em></span> <span class='ocrx_word' id='word_1_263' title='bbox 1817 4051 1822 4056; x_wconf 98' lang='lat'>-</span> 
     </span>
    </p>

    <p class='ocr_par' dir='ltr' id='par_1_6' title="bbox 590 4114 1703 4191">
     <span class='ocr_line' id='line_1_35' title="bbox 590 4114 1703 4191; baseline 0 -20"><span class='ocrx_word' id='word_1_264' title='bbox 590 4114 632 4182; x_wconf 79' lang='lat'>⁸)</span> <span class='ocrx_word' id='word_1_265' title='bbox 670 4116 741 4171; x_wconf 79' lang='lat' dir='ltr'>ef.</span> <span class='ocrx_word' id='word_1_266' title='bbox 779 4116 1020 4172; x_wconf 78' lang='lat' dir='ltr'>Creuzer</span> <span class='ocrx_word' id='word_1_267' title='bbox 1053 4118 1254 4190; x_wconf 81' lang='lat' dir='ltr'>antiqq.</span> <span class='ocrx_word' id='word_1_268' title='bbox 1292 4117 1448 4174; x_wconf 85' lang='lat' dir='ltr'>Rom.</span> <span class='ocrx_word' id='word_1_269' title='bbox 1488 4131 1544 4191; x_wconf 87' lang='lat' dir='ltr'>p.</span> <span class='ocrx_word' id='word_1_270' title='bbox 1583 4118 1703 4171; x_wconf 79' lang='lat'><strong>278.</strong></span> 
     </span>
    </p>

    <p class='ocr_par' dir='ltr' id='par_1_7' title="bbox 484 4209 2320 4282">
     <span class='ocr_line' id='line_1_36' title="bbox 484 4209 2320 4282; baseline 0.001 -14"><span class='ocrx_word' id='word_1_271' title='bbox 484 4243 491 4252; x_wconf 92' lang='lat'><strong>·</strong></span> <span class='ocrx_word' id='word_1_272' title='bbox 586 4213 631 4282; x_wconf 82' lang='lat'>⁸)</span> <span class='ocrx_word' id='word_1_273' title='bbox 666 4227 718 4271; x_wconf 80' lang='lat' dir='ltr'>v.</span> <span class='ocrx_word' id='word_1_274' title='bbox 755 4209 918 4271; x_wconf 80' lang='lat' dir='ltr'>Dion.</span> <span class='ocrx_word' id='word_1_275' title='bbox 958 4213 1122 4272; x_wconf 78' lang='lat' dir='ltr'>Cass.</span> <span class='ocrx_word' id='word_1_276' title='bbox 1156 4212 1192 4272; x_wconf 89' lang='grc'><strong>1.</strong></span> <span class='ocrx_word' id='word_1_277' title='bbox 1230 4231 1279 4270; x_wconf 85' lang='lat' dir='ltr'>c.</span> <span class='ocrx_word' id='word_1_278' title='bbox 1941 4229 1946 4242; x_wconf 82' lang='grc'><em>·</em></span> <span class='ocrx_word' id='word_1_279' title='bbox 2221 4233 2226 4242; x_wconf 92' lang='grc'><em>·</em></span> <span class='ocrx_word' id='word_1_280' title='bbox 2315 4225 2320 4244; x_wconf 79' lang='lat'><strong>¹</strong></span> 
     </span>
    </p>

    <p class='ocr_par' dir='ltr' id='par_1_8' title="bbox 462 4305 2644 4386">
     <span class='ocr_line' id='line_1_37' title="bbox 462 4305 2644 4386; baseline 0.002 -20"><span class='ocrx_word' id='word_1_281' title='bbox 462 4327 467 4340; x_wconf 69' lang='lat'><strong><em>⁴</em></strong></span> <span class='ocrx_word' id='word_1_282' title='bbox 534 4317 544 4344; x_wconf 76' lang='lat'><em>⁸</em></span> <span class='ocrx_word' id='word_1_283' title='bbox 583 4312 631 4381; x_wconf 72' lang='lat'>⁶)</span> <span class='ocrx_word' id='word_1_284' title='bbox 669 4311 739 4368; x_wconf 69' lang='lat' dir='ltr'>cr.</span> <span class='ocrx_word' id='word_1_285' title='bbox 778 4307 1073 4384; x_wconf 68' lang='lat' dir='ltr'>spanhem.</span> <span class='ocrx_word' id='word_1_286' title='bbox 1098 4308 1182 4367; x_wconf 79' lang='lat' dir='ltr'>‘de</span> <span class='ocrx_word' id='word_1_287' title='bbox 1215 4325 1319 4368; x_wconf 76' lang='lat' dir='ltr'>um</span> <span class='ocrx_word' id='word_1_288' title='bbox 1358 4315 1412 4368; x_wconf 83' lang='lat' dir='ltr'>et</span> <span class='ocrx_word' id='word_1_289' title='bbox 1445 4329 1526 4386; x_wconf 87' lang='lat' dir='ltr'>pr.</span> <span class='ocrx_word' id='word_1_290' title='bbox 1566 4305 1721 4370; x_wconf 77' lang='lat' dir='ltr'>n.³&#39;l&#39;.</span> <span class='ocrx_word' id='word_1_291' title='bbox 1760 4307 1815 4368; x_wconf 87' lang='lat' dir='ltr'>n.</span> <span class='ocrx_word' id='word_1_292' title='bbox 1853 4329 1905 4385; x_wconf 88' lang='lat' dir='ltr'>p.</span> <span class='ocrx_word' id='word_1_293' title='bbox 1947 4309 2051 4368; x_wconf 69' lang='lat'>579</span> <span class='ocrx_word' id='word_1_294' title='bbox 2089 4305 2174 4385; x_wconf 70' lang='lat' dir='ltr'>sq·</span> <span class='ocrx_word' id='word_1_295' title='bbox 2415 4323 2422 4336; x_wconf 83' lang='lat'><strong>·</strong></span> <span class='ocrx_word' id='word_1_296' title='bbox 2543 4327 2550 4338; x_wconf 86' lang='lat'><em>·</em></span> <span class='ocrx_word' id='word_1_297' title='bbox 2583 4306 2644 4340; x_wconf 76' lang='lat'>¹⁶¹</span> 
     </span>
    </p>
   </div>
  </div>
 </body>
</html>
